2708 4694
120 280 208 347 2734
471 285 580 337 nonar
603 284 806 334 vsnrouuu
830 283 870 332 su

120 438 165 488 siti
180 435 243 485 iocis
259 432 432 491 attribuimus,
443 429 513 495 quasi
524 428 597 479 uobis
608 428 653 478 sii-
688 426 747 477 finit
767 440 831 489 ergo
852 425 948 487 Polite,
965 438 1043 490 quam
1059 425 1112 475 sim
1130 425 1225 476 babeat

120 512 183 577 quid
200 507 347 560 indixerint.
380 509 449 570 Ergo
465 506 507 554 bic
524 503 653 566 Drepani·
689 503 760 567 apati
777 502 858 551 filium
879 499 1044 550 incolumitas
1062 502 1155 565 miris,
1168 514 1224 551 curs

121 593 184 637 uuo
200 586 258 633 ioco
269 584 394 647 applicat,
406 579 475 645 quod
486 577 542 628 sato
554 578 655 627 accide-
690 579 770 629 dicit:
788 584 796 605 ⁸
811 578 904 628 Orouis
923 591 993 627 curro
1014 591 1144 642 casusque
1161 579 1226 628 less·

122 661 166 711 rit.
199 661 315 709 Dmoiss.
689 661 766 705 mco!
799 655 895 705 idern.-

153 740 204 787 708
219 734 299 797 Actis]
308 733 464 793 Transactis,
476 732 518 781 rei
527 730 654 795 quomodo
722 736 771 781 711
791 732 840 780 Neo
856 736 922 781 ortes
939 730 1059 792 Helenes]
1077 731 1148 782 Quia
1159 729 1226 780 dixe·

122 812 252 871 mensibus
262 809 336 859 actis.
368 807 473 857 &nisa
690 814 740 869 rat,
758 807 922 856 ‘Prohibent
940 820 999 854 narn
1017 814 1120 854 caetera
1137 806 1225 855 Parce

154 872 241 947 Actus]
267 884 299 933 in
321 883 433 947 antiquis
450 896 517 945 pene
537 880 655 930 omuibus
690 883 763 933 Scire
775 882 921 932 Helenum!
954 881 1059 931 Senias.

122 960 313 1024 exemplaribus
330 960 418 1022 legere
435 965 485 1018 est,
500 957 570 1005 actis.
604 957 656 1006 Ne·
724 957 985 1020 Neoiielerrrss10um
1001 958 1087 1005 mrrlta
1100 955 1225 1006 somnis

123 1051 175 1103 que
196 1042 263 1085 oetas
280 1042 320 1083 cst
340 1035 366 1082 iu
389 1034 429 1093 iis,
447 1046 511 1096 quos
531 1032 592 1095 tegi,
606 1031 654 1080 nial
692 1033 862 1098 prediceret:
881 1034 1058 1093 scoceium,
1073 1048 1133 1082 curo
1148 1033 1226 1081 multo

123 1121 246 1167 ooutaoto
257 1113 356 1162 codice.
393 1112 494 1160 Pierius
691 1115 797 1171 optaret
814 1108 966 1158 maledicta:
984 1123 1048 1173 ergo
1066 1124 1116 1157 ner
1132 1108 1226 1158 auricus

155 1193 206 1237 719
223 1188 278 1236 Hes
292 1188 433 1249 genitorem]
449 1186 588 1235 Diversum
606 1186 655 1234 isoc
692 1183 821 1246 praedixit,
832 1197 880 1232 nec
893 1182 1004 1232 inimica.
1037 1183 1132 1232 Tacoit
1144 1190 1225 1234 sotem

124 1262 159 1313 ab
170 1262 284 1323 historia,
294 1262 314 1308 si
326 1261 447 1309 Straboni
462 1261 600 1322 credimus,
612 1260 656 1324 qui
692 1258 726 1308 de
744 1267 899 1322 tempestate
915 1259 1052 1321 Siciliensi,
1063 1275 1098 1309 ue
1110 1261 1148 1309 bis
1159 1275 1227 1324 repe·

124 1338 231 1389 AEneam
253 1351 304 1384 una
323 1351 382 1384 cum
402 1335 513 1384 Anchise
533 1341 608 1399 patre
627 1343 655 1384 et
694 1341 770 1395 teret,
781 1333 851 1398 quod
862 1333 961 1383 dictum
973 1332 1060 1383 fuerat
1074 1334 1109 1383 ab
1122 1335 1225 1385 llioueo.

124 1411 178 1464 stin
194 1413 303 1461 Ascanio
321 1413 479 1461 Laurentum
500 1412 655 1475 applicuisse
695 1410 815 1458 Motus.

126 1487 217 1538 tradit.
250 1487 325 1538 idem.
726 1490 774 1536 717
787 1487 843 1535 Nors
853 1485 907 1534 diro
919 1486 1024 1549 Peleus]
1034 1486 1102 1536 Quae
1113 1485 1226 1536 velitata

159 1564 277 1625 Curaque
298 1561 411 1625 bom]
436 1562 522 1611 Simile
546 1563 656 1626 Proper·
693 1560 784 1609 debuit
803 1560 911 1608 adressa
934 1559 1061 1609 nuntiare.
1106 1561 1142 1609 Et
1161 1561 1226 1610 bons

125 1637 178 1687 tius
189 1642 255 1699 eleg.
270 1651 307 1686 iv.
318 1642 358 1686 la.
378 1639 447 1700 ‘Te,
463 1637 571 1701 Lepide,
581 1646 610 1688 et
622 1649 658 1700 te,
694 1637 913 1700 pietate-mortem
930 1637 1012 1698 patris
1029 1640 1174 1700 graviorem
1190 1638 1225 1686 di·

128 1715 218 1775 Paule,
237 1729 321 1763 arreum
344 1715 468 1777 postlata
487 1716 660 1765 levantem’et
694 1712 732 1760 cit
742 1725 807 1772 esse,
818 1725 893 1774 quarn
905 1709 1008 1760 fimena
1044 1712 1152 1763 Seruius.

127 1789 256 1839 Manislis
277 1791 293 1838 Ι.
312 1803 350 1838 vr.
373 1790 446 1839 ‘liic
467 1790 516 1840 tibi
538 1806 657 1841 crrrsrum
726 1790 775 1836 711
792 1786 843 1835 Hic
860 1787 925 1835 labor
941 1790 1072 1852 exirm]
1090 1789 1145 1839 Aut
1159 1790 1226 1853 apud

126 1865 220 1928 meins,
232 1866 403 1929 blandumque
414 1865 547 1914 levamen!
571 1868 657 1916 Certis.
695 1862 862 1924 Drepanum:
893 1871 938 1912 ant
961 1869 1091 1921 absum,
1124 1865 1227 1914 serini·

158 1945 207 1990 711)
224 1941 318 1990 Arnim
329 1941 458 2007 Anchises]
469 1942 550 1992 Dolet
561 1943 658 2005 perisse
695 1937 927 2001 mus‚quiastatinr
943 1940 1094 2002 tempestati
1112 1948 1227 1989 sacratus

128 2018 307 2082 inportuosi
323 2025 362 2067 tot
378 2019 454 2066 maris
471 2019 658 2082 periculaesa-
694 2019 744 2063 est.
790 2015 823 2063 lit
845 2014 912 2063 bene
933 2014 967 2063 de
989 2016 1045 2078 ipsa
1071 2023 1225 2079 tempestate

44 2144 45 2147 ,
126 2092 216 2142 σωκ
234 2106 282 2142 nec
306 2093 371 2142 dixit
391 2100 529 2155 mortuum,
547 2093 594 2144 sed
614 2093 658 2142 de·
695 2089 785 2152 tacuit,
806 2089 865 2154 quia
882 2089 995 2139 Ilioneus
1012 2105 1093 2154 supra
1110 2090 1225 2141 dixerat:

126 2169 236 2219 seruisse
256 2167 343 2218 filium.
376 2170 487 2217 Veteres
503 2170 572 2218 euim
588 2184 659 2232 egre·
693 2164 778 2215 ‘Cum
789 2165 876 2215 subito
885 2165 1026 2229 adsurgens
1037 2163 1120 2215 fluctu
1133 2165 1226 2215 nimbo-

126 2244 183 2307 gios
194 2244 323 2292 rirosnou
336 2251 459 2303 manuos,
471 2244 518 2293 sed
531 2259 658 2308 percom-
694 2255 737 2290 sus
749 2240 831 2290 Orion
843 2241 875 2290 iu
886 2239 1036 2291 vadacoeca
1046 2241 1125 2291 tulit!
1152 2241 1227 2291 idest.

127 2319 295 2368 mutationem
306 2318 418 2368 iocorum
436 2320 573 2368 translatos
583 2327 658 2384 puta·
726 2322 774 2367 7111
792 2317 960 2380 Dessoppsiit
976 2315 1037 2378 oris]
1053 2317 1126 2366 Tulit
1141 2317 1227 2365 voluu-

127 2395 200 2445 baur.
234 2395 352 2443 Donatus.
695 2398 749 2441 tstc
771 2408 832 2452 aua;
862 2393 927 2442 bene
947 2392 1160 2441 recommendat
1183 2393 1228 2441 ni·

161 2471 257 2522 chsrsor
274 2469 372 2531 deseris]
391 2470 429 2518 Ut
450 2485 527 2533 supra
548 2470 657 2520 diximus
695 2466 763 2529 doni,
773 2467 860 2516 diceus
872 2481 899 2516 se
911 2467 944 2515 ad
956 2480 1012 2515 earn
1023 2466 1130 2516 deorum
1140 2468 1225 2517 volun·

128 2546 267 2596 meandum
278 2545 424 2608 Virgilium.
445 2546 512 2595 Nam
522 2547 656 2595 Calceum
694 2549 748 2590 tate
770 2543 879 2592 senisse.
923 2542 988 2590 Saue
1014 2556 1066 2590 non
1089 2543 1157 2593 dixit
1177 2544 1226 2607 pair

127 2623 155 2670 in
167 2620 317 2684 Originibus
334 2621 366 2669 ad
383 2621 485 2669 Italiam
502 2621 603 2669 venisse
614 2621 657 2669 do·
693 2622 765 2681 deas:
785 2626 814 2667 ut
826 2619 897 2680 abbi,
914 2617 1016 2666 ‘Dabit
1034 2618 1097 2666 deus
1110 2620 1151 2668 bis
1169 2633 1227 2684 qno-

129 2703 187 2745 cet:
207 2696 274 2744 unde
295 2697 373 2744 etiarn
395 2697 420 2744 iu
437 2703 510 2746 sexto
527 2697 590 2746 iliud
607 2712 658 2746 ern·
695 2696 849 2761 qnefincur.'
882 2695 957 2743 ideas.

129 2771 330 2835 pbibolonest,‘
345 2772 402 2821 Quo
419 2772 499 2836 magis
517 2772 595 2822 Italia
607 2788 658 2822 me·
731 2773 820 2821 Vestris
839 2773 908 2820 Deus
928 2770 1018 2834 adpulit
1038 2770 1099 2833 oris]
1118 2770 1226 2821 Didonis

129 2862 188 2896 cum
205 2847 294 2896 latere
312 2847 433 2910 reperta!
468 2850 535 2898 Nam
555 2857 582 2898 et
599 2856 659 2912 post
694 2845 961 2907 animumeontirmst,
979 2845 1098 2908 illiusque
1118 2844 1226 2897 benevo-

129 2923 249 2972 murrum
268 2924 431 2986 'Iisrnurnque
450 2930 478 2972 et
490 2922 610 2973 Amatam
622 2922 659 2972 di·
695 2922 801 2971 lentiam
820 2929 847 2969 et
861 2919 970 2983 gretiam
987 2919 1036 2967 sibi
1053 2921 1178 2970 conciliat
1194 2937 1225 2970 ex

128 2998 197 3048 citur
205 2999 353 3049 excessisse.
370 2999 421 3048 Sed
432 3000 498 3049 bene
509 2999 551 3050 bic
559 3000 659 3050 subtru·
695 3002 790 3046 eventu
806 2996 852 3059 rei,
863 3009 921 3044 cunr
944 3009 971 3042 se
991 2993 1024 3041 ad
1044 3008 1101 3041 earn
1120 2995 1224 3045 deorum

128 3073 208 3135 bitur,
222 3088 253 3121 ue
271 3089 361 3137 parum
373 3074 467 3125 decoro
484 3076 564 3125 amori
581 3076 659 3124 iuter·
695 3075 829 3122 voluntate
852 3071 988 3121 accessisse
1010 3069 1147 3132 significat.
1166 3120 1172 3127 ,
1192 3073 1225 3121 Et

128 3148 171 3197 sit.
205 3150 413 3211 (tauricorum,
425 3165 471 3197 cur
483 3151 600 3199 sinesiis
615 3149 658 3199 de·
695 3149 769 3198 addit
788 3163 839 3197 uuo
860 3163 934 3197 verso
955 3151 1022 3213 quod
1043 3149 1099 3211 jam
1122 3150 1224 3213 copiose

128 3226 268 3289 scriptione
280 3225 375 3274 funeris
391 3229 473 3290 patris
486 3229 658 3291 praeterierit?
695 3225 874 3289 descripserat.
908 3226 1025 3275 Mscrob.
1042 3229 1145 3275 saturn.
1162 3239 1188 3274 ν.
1200 3230 1224 3273 i.

128 3303 184 3352 Ant
205 3303 264 3367 quis
283 3303 310 3350 iu
330 3317 357 3350 v.
377 3301 491 3351 dicturus
510 3311 559 3365 est,
578 3311 605 3352 ct
617 3303 657 3352 bis
695 3301 816 3351 Noscirrrir.

128 3379 219 3428 eadem
230 3377 317 3426 dicere
327 3378 465 3438 vitaverit;
480 3386 525 3428 aut
534 3379 658 3443 quia.aic·
726 3379 838 3442 Appsiit]
854 3378 973 3440 Proprie,
985 3382 1054 3427 teste
1072 3378 1180 3427 Donato
1193 3378 1224 3427 ad

29 3473 33 3485 ·
129 3462 160 3504 ut
184 3454 281 3503 dictum
299 3462 347 3515 est,
364 3455 488 3503 Anchises
504 3455 538 3504 ad
555 3456 657 3504 italiam
694 3454 759 3517 prol.
774 3452 1044 3515 ri.oppelleredicitur‚
1057 3467 1115 3501 curn
1132 3468 1165 3501 ex
1182 3468 1225 3516 pe·

129 3546 188 3581 cum
199 3529 253 3578 tilio
265 3531 391 3592 pervenit.
424 3531 528 3580 Servius.
694 3528 752 3592 lego
763 3536 806 3575 aut
818 3526 887 3576 freto
905 3529 962 3590 quis
979 3526 1011 3574 ad
1030 3529 1092 3577 litus
1109 3544 1225 3578 accesse-

161 3611 208 3655 711
229 3606 283 3654 Heu
293 3608 379 3670 tontis]
398 3608 493 3656 Tantus
505 3606 554 3656 fult
574 3607 656 3667 dolor,
694 3604 745 3663 rit;
763 3608 789 3651 et
808 3611 881 3653 recte
898 3605 984 3652 Deum
1002 3611 1136 3653 strictorem
1155 3606 1225 3665 dicit,

128 3687 158 3731 ut
169 3680 246 3729 etiarn
258 3684 324 3743 upurl
337 3683 462 3730 Didonem
472 3684 576 3745 positus,
586 3684 657 3746 quasi
694 3680 784 3730 eodem
796 3688 925 3741 mouente,
936 3683 965 3730 E.
979 3696 1021 3731 ur.
1033 3688 1058 3732 2.
1070 3687 1112 3731 aa.
1147 3686 1224 3733 Euam.

129 3771 188 3807 cum
200 3771 231 3806 eo
245 3767 372 3819 prasente
384 3760 541 3821 loqueretur.
564 3759 656 3806 Donat.
726 3762 774 3806 716
792 3758 894 3806 intentis
903 3758 1020 3822 omuibus]
1039 3757 1131 3807 Adbuc
1143 3760 1225 3809 inten-

162 3830 255 3895 Testis]
278 3832 316 3879 ild
339 3833 532 3894 generalitatem
555 3833 657 3895 transit,
695 3834 743 3884 tis:
762 3840 790 3882 ut
813 3833 963 3882 ostenderet
987 3834 1091 3882 AEneam
1112 3835 1225 3885 libenter

129 3923 163 3957 ne
181 3908 202 3956 si
218 3910 365 3971 specialiter
376 3917 547 3972 enumeraret,
559 3910 658 3973 longior
695 3909 819 3958 auditum.
854 3909 951 3959 intenti
972 3909 1085 3971 furerent,
1107 3925 1166 3959 cunr
1188 3913 1225 3959 iu·

128 3983 221 4033 fieret:
248 3986 352 4033 ‹ioiebat
374 3992 459 4033 autern
483 3985 657 4047 vehementer,
695 3985 789 4048 coepit:
809 3985 911 4047 intenti,
922 3999 980 4033 curn
992 3984 1087 4033 liniret.
1122 3987 1212 4035 Donat.

131 4060 199 4124 qnod
220 4059 325 4109 infinitis
346 4061 446 4111 casibus
467 4061 597 4123 liberatus,
624 4060 657 4109 ad
730 4062 808 4126 [iuss]
821 4063 880 4110 Non
893 4061 1076 4124 interpellante
1088 4062 1177 4125 regina
1188 4063 1224 4112 in·

128 4137 232 4190 ltaliam
242 4137 376 4200 pervenire
387 4151 438 4187 non
449 4138 582 4203 potuisset.
604 4138 657 4187 De·
695 4136 921 4201 terrogationibus.
953 4136 1057 4186 &roim
