2708 4694
196 276 287 344 2720
551 288 661 339 norm
683 289 886 338 venrouurr
912 285 953 338 rrt

198 431 274 498 licet,
285 439 314 483 et
325 437 485 496 perseveret,
495 436 526 482 nt
535 430 630 481 invitus
640 428 734 480 iecisse
770 437 858 494 poeset
869 437 898 479 et
909 430 966 480 sine
980 430 1194 481 contemtlone
1204 432 1302 492 intueri,

200 508 330 577 rideatur.
364 508 438 556 Idem.
550 512 561 519 ‘
770 510 798 554 et
808 504 907 570 ebaque
918 506 1035 570 periculo
1043 506 1151 572 alloqui.
1185 508 1301 572 Sopboel.

233 587 284 633 olo
302 582 410 647 lieps'di]
426 581 532 631 Festini.
566 581 641 630 Iden.
770 579 796 628 in
815 582 877 644 'lym
899 581 922 630 ἐς
943 581 1019 630 trois
1045 582 1094 631 alt·
1115 582 1244 645 dormis,
1259 583 1302 632 ret·

233 663 282 708 ott
309 658 451 707 inmemores
475 656 545 720 socie]
578 657 735 719 Isium,
770 654 897 717 διόψιμονε
920 658 972 706 Nee
992 658 1059 706 dian
1078 658 1197 722 ufforde,
1216 660 1304 720 idest,

201 733 265 784 dnm
285 734 396 796 trepidi:
420 740 450 781 ut
468 748 516 797 per
535 734 664 795 timorem,
683 745 734 781 non
770 730 923 796 drpdopsrros.
959 733 1105 785 mmo.

202 823 251 875 per
267 810 355 860 odium
377 811 483 859 relictus
505 810 584 861 iuism
608 809 735 860 ridentur.
802 812 852 859 Μ
873 810 1016 872 Visceribus]
1031 811 1128 859 Viscera
1138 811 1303 875 proprietar-

203 887 272 936 Nem
296 895 324 934 et
349 900 452 935 causum
476 887 607 949 subjungit
628 885 735 946 timoris,
771 892 895 934 noesunt.
928 885 1033 934 Serrium

204 962 329 1024 Cyclopis
345 960 531 1024 descriptione.
565 962 634 1024 Ergo
654 961 736 1010 isone:
805 959 1002 1023 Sustinent]
1018 961 1078 1011 Hoc
1090 962 1234 1020 est‚sanie.
1262 959 1298 1009 ld.

201 1051 285 1098 noret,
303 1037 433 1085 timentes.
466 1035 541 1083 Iden.
805 1039 853 1085 tlt
883 1037 939 1086 Vidi
965 1042 1065 1098 meret,
1087 1035 1145 1099 deo]
1182 1037 1316 1085 Homeros·

236 1115 286 1160 618
302 1112 392 1160 nonas
414 1110 491 1172 mule]
519 1113 603 1159 Decet
630 1110 734 1160 borride.
774 1117 883 1174 quatuor
893 1110 971 1162 dicit:
989 1125 1052 1175 ergo
1070 1120 1117 1161 aut
1135 1111 1256 1161 dissentit
1274 1111 1305 1161 ab

204 1186 288 1237 Idem.
774 1198 814 1255 qo,
834 1194 864 1235 ut
882 1186 960 1234 etium
984 1186 1010 1235 in
1034 1187 1208 1250 temporibus.
1242 1188 1305 1237 Nam

238 1263 327 1311 Domus
337 1261 402 1310 urie
416 1261 559 1325 dapibusque
569 1261 681 1323 mentis,
697 1262 737 1312 Irr-
775 1270 835 1313 oute
845 1262 877 1311 sd
888 1262 1000 1311 Siciliam
1011 1263 1115 1324 AEneas,
1123 1277 1202 1327 qnam
1212 1263 1306 1325 Ulyxe·

204 1342 243 1386 tet
261 1351 342 1400 opaco,
363 1337 457 1399 ingess]
482 1336 525 1386 Ad
545 1340 613 1388 bunc
635 1332 737 1388 veroum
776 1337 990 1388 renissedicitur.
1024 1337 1078 1387 Aut
1090 1345 1164 1387 certe
1175 1338 1226 1386 boc
1236 1336 1306 1400 dicit,

203 1412 263 1461 vide
276 1411 384 1461 nerto
397 1417 421 1460 8.
456 1413 600 1462 Emesena.
775 1411 826 1461 duo
847 1412 957 1461 vidisse:
980 1420 1046 1476 quot
1065 1419 1153 1462 erstem
1174 1412 1307 1472 occiderit,

236 1489 286 1535 oro
302 1486 404 1548 Altaque
424 1487 502 1549 pulsnt
519 1486 616 1550 Sidere]
642 1487 737 1537 Similis
776 1486 904 1550 ignorare,
934 1502 981 1551 per
1010 1487 1138 1536 timorem.
1173 1486 1227 1536 Alii
1259 1487 1307 1536 due

205 1561 322 1625 ropeuor
333 1561 485 1624 hyperbole,
501 1562 546 1610 ‘et
557 1560 738 1613 sideraverbe·
776 1561 848 1610 simul
857 1562 956 1626 dicunt,
967 1577 1017 1611 uon
1029 1563 1098 1612 euim
1113 1561 1165 1610 duo
1177 1561 1307 1611 soleddi·

202 1635 335 1685 retunde.
369 1638 412 1685 De
425 1637 548 1700 Cyclopis
559 1637 738 1700 magnitudine
776 1637 823 1686 dit.
858 1639 931 1688 Idem.
1167 1699 1172 1706 ⁵
1298 1634 1302 1641 ’

205 1712 243 1762 sic
261 1713 369 1763 Homer·
388 1715 484 1776 Odyss.
507 1716 526 1763 l.
543 1729 584 1765 rx.
601 1713 680 1776 'spru
698 1713 739 1776 bip
812 1714 868 1764 Vidi
882 1720 982 1775 maret,
999 1715 1056 1778 duo]
1082 1715 1215 1764 Homerus
1230 1712 1266 1764 dl.
1286 1727 1305 1765 1.

206 1785 503 1850 lnmnridqndrdpleo:
521 1789 613 1838 Similis
631 1796 683 1838 erat
700 1804 738 1838 co-
776 1804 826 1839 sex-
842 1797 985 1852 enumeret,
1007 1806 1071 1856 quos
1095 1791 1211 1855 Cyclope
1233 1790 1308 1840 devo·

205 1865 293 1915 conisi
323 1867 413 1929 sylroso
444 1870 586 1915 excelsorum
615 1868 738 1917 mutuo.
775 1865 881 1927 raverit,
906 1879 965 1913 nam
994 1866 1069 1915 binos
1097 1865 1182 1915 tribus
1211 1864 1306 1914 vicibus

207 1943 278 2006 Lege
288 1944 394 1995 lonium
407 1950 477 1994 cent.
486 1958 517 1993 rr.
528 1946 603 2008 ndng.
614 1945 658 1994 ubi
669 1959 751 2008 rnag-·
776 1939 850 2002 punit
867 1939 1024 2003 absumptos.
1056 1940 1195 1990 Sedenim
1215 1942 1257 1989 rel
1274 1940 1308 1989 Α·

207 2019 324 2082 nacopie
334 2019 421 2067 similis
442 2021 583 2082 ὑπερβολῆς.
616 2021 672 2081 Ego
688 2033 738 2068 non
776 2012 955 2078 commendes,
987 2014 1021 2065 ob
1055 2016 1255 2080 trepidationem
1280 2023 1308 2065 et

206 2107 289 2158 prum
317 2095 343 2144 in
368 2095 471 2159 Eulogii
498 2095 594 2159 duplici
620 2096 646 2143 in
673 2096 739 2145 1000,
777 2087 1018 2153 festinantiam‚non
1027 2091 1307 2154 potestbiclristorinm

207 2169 323 2219 Galenus
346 2171 379 2219 de
406 2185 453 2220 usu
488 2172 598 2233 portium
627 2185 670 2220 ru.
700 2176 738 2220 ll.
777 2179 877 2213 omnem
894 2179 1030 2227 mmm
1050 2168 1163 2232 alitque
1184 2168 1307 2232 petrini

207 2245 317 2308 Cyclopi
329 2246 406 2293 etiam
425 2244 471 2294 dat
487 2247 618 2307 ingentem
637 2245 740 2295 inusite·
776 2250 902 2292 memoret
913 2245 1031 2307 Cyclope
1050 2258 1108 2294 esse
1124 2245 1191 2295 adeo
1202 2243 1306 2296 ell'eronr

208 2323 313 2381 tamque
331 2320 550 2380 magnitudinem:
566 2320 740 2382 munasterio
777 2326 805 2368 et
815 2320 959 2383 immanem,
971 2328 1000 2370 ut
1009 2335 1060 2370 una
1071 2323 1128 2371 rice
1137 2321 1189 2371 duo
1200 2323 1309 2371 humeae

207 2392 453 2455 τὺμέγοθοεόντιτῷ
465 2395 585 2443 Κύκλωπι.
621 2398 706 2445 Cerdo.
776 2406 888 2456 corpore
914 2395 995 2457 possit
1017 2397 1171 2446 absumere:
1200 2396 1242 2446 vel
1264 2398 1308 2445 duo

241 2474 287 2519 621
307 2471 359 2518 Nec
379 2472 431 2518 oisc
447 2470 543 2533 sociiis]
559 2473 640 2534 Cujus
657 2473 740 2534 possit
779 2482 824 2530 pro
836 2469 890 2517 birro
902 2472 1021 2532 positum,
1033 2479 1062 2520 ut
1073 2472 1135 2520 alibi
1153 2473 1211 2521 vice
1229 2486 1308 2534 veras,

207 2545 286 2594 etiarn
309 2553 429 2608 aspectus
450 2546 547 2595 inferre
569 2545 740 2596 formidinem.
778 2543 853 2593 ‘bine
865 2546 978 2608 crispans
991 2546 1107 2608 bostilia‚’
1120 2561 1167 2609 pro
1178 2549 1236 2596 deso.-
1252 2563 1307 2612 que

209 2622 315 2672 servm,
778 2618 883 2668 licentia
901 2621 953 2668 lete
973 2634 1097 2669 concessu
1115 2629 1157 2670 est
1177 2636 1193 2670 o
1211 2622 1308 2672 Poetis·

240 2700 293 2747 Nee
319 2696 385 2747 αἳοιιι
403 2699 520 2764 effabilis]
548 2701 667 2748 Sermone
690 2713 740 2749 non
778 2694 883 2742 Pierius·

208 2772 389 2836 explicabilis:
410 2776 474 2823 benc
498 2789 551 2823 rem
573 2774 740 2838 exaggeravit
815 2770 870 2818 Vidi
892 2773 994 2834 egomet]
1012 2773 1133 2833 Ἔμφασυ
1148 2775 1216 2823 hanc
1238 2782 1310 2825 notet

209 2856 268 2913 post
276 2849 485 2911 descriptionem.
520 2852 595 2900 Idem.
778 2845 902 2909 Scaliger,
915 2847 990 2895 Poiit.
1003 2861 1041 2896 ιν.
1062 2852 1103 2897 34.
1138 2849 1226 2914 Atque
1243 2849 1309 2900 idem

241 2925 367 2988 Affobilis]
383 2926 414 2973 ln
426 2926 537 2988 antiquis
554 2926 653 2988 aliquot
673 2924 741 2975 codi-
779 2926 862 2969 toturn
874 2922 939 2969 bunc
951 2922 1035 2969 lorum
1052 2932 1175 2974 accurate
1186 2941 1245 2974 curn
1259 2926 1310 2976 Ho-

209 2998 292 3059 cibus,
318 3001 429 3059 adfabilis
456 3002 566 3061 legitur:
597 3015 740 3064 quanquam
779 2996 874 3044 merico
895 2994 989 3057 Odyrs.
1009 3009 1050 3045 rx.
1072 3001 1219 3063 contendit,
1240 3015 1266 3051 v.
1286 3006 1310 3051 8.

209 3075 313 3125 codices
330 3076 407 3124 etiem
420 3077 535 3124 nonnulli
553 3092 629 3125 manu
649 3076 740 3139 scripti
781 3071 924 3120 Tssubmann·

209 3149 421 3212 effebilulegunt.
454 3152 595 3200 Sedenim
614 3152 741 3202 Macrobi-
811 3149 859 3195 624
879 3148 970 3195 Prema
984 3151 1066 3214 moon]
1084 3151 1258 3200 Peccareeos
1274 3152 1309 3201 rit

209 3238 239 3272 us
251 3224 372 3273 libentius
384 3225 448 3286 legit
460 3225 580 3285 adfabilis,
598 3234 627 3275 ut
639 3228 666 3274 in
686 3229 741 3276 Me·
779 3221 916 3270 Terentius
926 3223 1047 3285 Scaurus,
1061 3226 1104 3289 qui
1114 3227 1243 3289 prebemus
1253 3241 1309 3276 cum

210 3299 286 3348 diceo
298 3304 354 3348 eet:
372 3308 553 3363 sumptumque
574 3302 610 3349 eit
622 3317 654 3350 cx
666 3301 741 3351 Attio
780 3297 951 3360 adspiratione
962 3299 1088 3363 scribunt,
1102 3317 1180 3366 quum
1192 3317 1248 3350 eam
1261 3303 1311 3365 pri·

208 3373 404 3436 inPnitoctete,
421 3373 464 3422 ubi
481 3383 530 3437 est,
545 3375 646 3427 ‘Quem
658 3391 741 3441 neque
780 3385 822 3419 ma
837 3374 1121 3434 perronooonhabeac
1154 3378 1311 3427 erumvero

210 3450 278 3499 tueri
300 3457 400 3510 contra,
427 3465 510 3514 neque
537 3450 619 3500 edt‘ari
648 3453 742 3517 queas!
780 3448 898 3510 exbujus
915 3451 1044 3498 sententia
1062 3467 1174 3514 precem
1193 3468 1243 3515 per
1262 3454 1312 3502 duo

211 3524 331 3572 Alterum
341 3539 403 3573 vero
421 3526 483 3573 illud
494 3525 740 3591 Servius'agnoscit:
779 3539 813 3584 ee,
821 3525 900 3573 scribi
911 3525 1005 3574 debent
1015 3544 1022 3585 3
1040 3535 1070 3576 ut
1078 3527 1124 3585 lbi,
1140 3530 1311 3593 ‘Dentrequc

209 3599 367 3663 exponitque
389 3616 492 3649 seriuoue
515 3618 560 3650 non
589 3604 743 3667 explicabilia,
780 3601 940 3662 preenuum3’
961 3602 1010 3650 hoc
1034 3603 1091 3651 loco
1114 3605 1154 3652 vel
1177 3606 1311 3666 Syuiresin

211 3673 280 3739 quod
292 3689 365 3738 aeque
383 3677 475 3737 placet
510 3677 614 3726 Pierius.
780 3690 835 3725 esse
847 3677 973 3726 dicemus:
986 3679 1036 3739 vel,
1046 3679 1113 3742 qnod
1125 3682 1209 3742 magis
1218 3681 1313 3743 placet,

243 3749 367 3812 effabilis]
385 3753 496 3814 Servius,
508 3753 542 3799 Η.
553 3754 642 3816 steph.
655 3752 743 3816 etalii,
778 3767 864 3814 prenae
875 3768 921 3816 per
933 3753 1017 3802 cresin
1026 3755 1152 3816 legemus,
1161 3763 1192 3804 ut
1203 3756 1313 3805 babetur

212 3827 263 3890 leg.
274 3826 385 3888 effabilia,
403 3828 428 3875 id
446 3836 493 3888 eet,
510 3843 626 3877 :cunone
639 3841 688 3876 non
700 3842 742 3876 ex·
779 3827 805 3875 in
834 3827 967 3877 codicibus
996 3830 1119 3893 antiquis.
1152 3831 1225 3881 Quid
1253 3844 1312 3880 vero

210 3901 354 3964 plicabilis:
372 3902 418 3951 red
441 3904 549 3952 alterum
568 3903 671 3952 videtur
688 3918 743 3953 rec·
780 3918 856 3967 super
865 3905 912 3953 boc
924 3905 1019 3954 sentiat
1028 3907 1117 3956 Velius
1130 3908 1241 3971 Longus,
1252 3908 1314 3957 tlibi

214 3977 265 4026 tius
277 3978 353 4026 etiem
374 3978 506 4026 Fabricio:
526 3993 584 4027 noni
601 3987 628 4028 et
649 3977 741 4027 faciem
780 3979 901 4029 diximus.
935 3981 1040 4030 Pierius.

214 4054 322 4117 Cyclopi
341 4056 509 4117 tyrannicum,
520 4064 548 4104 et
559 4070 656 4104 morum
668 4055 742 4105 vasu·
813 4056 959 4119 Resupim]
975 4058 1131 4121 Magnitudo
1150 4059 1255 4110 virtutis
1276 4074 1314 4109 os·

214 4132 293 4179 tatem
314 4129 407 4181 tribuit
424 4132 513 4193 talem,
531 4138 561 4181 ut
578 4145 654 4182 neruo
670 4132 743 4181 illum
781 4130 905 4182 tenditur.
938 4131 1015 4185 Quod
1041 4147 1094 4183 uns
1128 4149 1215 4199 muno,
1245 4134 1314 4199 quod
