2708 4694
316 333 460 386 4411444.
503 335 643 388 munio.
660 336 724 387 141.
981 314 1072 401 m

95 483 173 529 nent.
209 479 295 527 Cerdo.
569 479 699 542 ,4444444444
722 479 848 529 444411444
860 480 941 546 tertis]
966 481 1070 533 Minore

95 554 231 642 [Propter
248 555 376 618 Pergama
394 555 499 604 restitu-
536 568 615 616 opera
634 553 787 618 potuisset
780 554 867 604 dicere
886 554 983 605 Poeta·
977 561 1075 621 ,44444

95 628 1071 693 1444444444441444444414111444444444441144

95 704 113 768 4]
137 704 270 754 Sociorum
294 704 499 754 multitudinem.
537 706 570 754 do
581 706 718 769 perusset
735 707 870 757 eterndrte
882 706 999 770 disputat
1009 707 1070 758 Sus

536 783 581 845 lig.
593 795 632 831 44.
642 787 683 832 48.
717 783 827 832 14141444.
840 787 881 831 46.
900 782 934 831 de
953 784 1027 833 Piens
1042 789 1072 834 44

95 870 152 905 44444
166 855 246 917 focos]
273 855 407 905 Sacrificio
431 857 499 905 cele·
539 857 630 906 Vacuo:
655 858 777 917 Ι1141414,
799 858 893 922 inquit,
918 858 1009 921 Ρ41144,
1023 858 1070 908 Ar-

95 933 196 985 14141444
217 932 287 991 socos
308 934 385 992 14444,
401 940 429 982 41
451 948 499 995 per
535 932 625 990 4414444,
648 947 723 996 qnam
754 933 856 982 ibtiere:
891 947 971 996 opera
1000 933 1070 985 enim

95 1008 165 1057 141114
196 1008 310 1058 tradunt.
344 1010 414 1071 Ergo
432 1009 500 1069 sucos
534 1006 937 1070 1441444344444141411111444143
968 1008 1069 1060 rm

95 1089 127 1133 144
144 1085 239 1147 posuit
274 1083 310 1133 Ar
327 1099 342 1134 e
359 1086 499 1148 444444414,
568 1087 615 1133 116
634 1082 706 1146 Fere]
724 1085 770 1143 114,
781 1083 917 1146 longeest.
951 1082 1057 1134 Servius.

95 1175 119 1210 44
124 1161 196 1223 soors
207 1168 237 1210 nt
248 1161 384 1209 Flammis
395 1161 499 1210 adolere
543 1157 635 1208 Sicco
645 1159 765 1209 4441144414
776 1159 856 1207 1444444
863 1158 965 1222 puppes]
979 1158 1010 1207 ln
1020 1160 1068 1210 sic

123 1236 191 1286 Saue
208 1237 292 1284 Varro
309 1251 393 1285 rerum
404 1237 500 1286 4114144-
536 1249 595 1283 cum
607 1220 742 1286 subductos
754 1235 832 1286 littus.
869 1237 943 1284 idern.

95 1311 498 1370 44,441”444;1444444444444
568 1312 647 1375 Sicco]
665 1313 821 1364 Namndnm
837 1313 917 1363 ctiam
938 1320 979 1362 444
996 1311 1069 1364 11444.

95 1401 226 1452 equoque
244 1390 340 1438 sacrari
362 1391 454 1451 441444,
471 1397 500 1438 44
536 1388 653 1437 Donatus.

95 1462 223 1524 diodori,
239 1464 345 1523 iunoni,
365 1464 500 1526 Minervio,
568 1463 636 1512 Sicco
652 1463 772 1513 4444144444
788 1465 870 1512 1144444
884 1463 982 1528 puppes]
1007 1464 1069 1514 ’1414

95 1553 125 1586 14·
135 1539 161 1586 14
179 1538 295 1600 piurimis
307 1538 413 1588 urbibus
424 1540 498 1602 oppi-
536 1540 563 1588 in
574 1540 623 1588 1444
634 1553 708 1589 versu
719 1539 822 1588 4444144
831 1539 967 1601 geminatis
978 1553 1068 1588 conso·

94 1614 141 1663 tid
154 1619 206 1662 tarn
224 1614 337 1676 publice,
353 1630 428 1678 quam
447 1615 499 1677 pri·
537 1613 658 1662 nautibus
675 1623 773 1675 444444,
794 1614 820 1662 14
842 1614 954 1676 antiquis
974 1613 1069 1663 codici·

95 1690 144 1738 1414
161 1688 230 1747 114414
240 1688 321 1748 sucum
339 1697 424 1739 4414444
446 1690 498 1738 dic·
538 1690 585 1739 bns
594 1690 746 1753 simpliciter
756 1689 914 1750 scribuntur,
924 1692 981 1751 4144,
989 1689 1069 1754 litore,

95 1764 267 1826 4414411444
278 1764 312 1812 nb
328 1779 360 1812 en
376 1765 444 1828 qnod
462 1764 498 1813 ibi
536 1772 658 1828 etpupeu:
673 1766 776 1814 4144144
792 1765 917 1827 deposcat
933 1764 1068 1828 analogia:

95 1847 163 1898 stnr;
180 1853 228 1887 uec
239 1840 319 1888 licere
336 1839 377 1887 vei
398 1840 499 1902 privata
536 1838 671 1903 sicconis,
691 1847 720 1889 ut
738 1839 888 1888 Victorinus
907 1839 953 1900 414,
968 1838 1068 1904 antiqui
1123 1898 1129 1905 .

95 1915 135 1964 144
157 1928 231 1962 sacra
254 1913 308 1961 4144
335 1912 394 1962 foco
420 1913 498 1963 fieri?
537 1923 707 1965 consonantes
728 1917 857 1978 geminare
884 1928 936 1962 non
961 1928 1068 1964 consuc-

95 2005 99 2037 ε
124 1990 238 2039 ostendit
270 1988 366 2037 Poeta:
389 1988 499 2048 smera
536 1997 612 2038 runt:
632 1998 661 2040 44
680 1990 1068 2053 1441444444,1.4441144,Μ444·

95 2067 315 2128 mnemoratione,
349 2068 498 2116 instantium
536 2065 605 2125 441444,
627 2072 656 2114 44
681 2066 720 2114 1114
738 2065 871 2115 similibus.
903 2065 988 2128 Supra
1005 2077 1068 2116 vero

95 2158 150 2193 rnm
158 2144 254 2192 mantio
264 2143 410 2192 inducitur:
429 2143 498 2207 qnod
536 2147 728 2204 consonantem,
743 2156 820 2206 quam
831 2142 955 2204 geminari
965 2148 1069 2206 oporte·

97 2221 183 2268 1441414
204 2218 266 2268 14414
285 2219 404 2268 docetur.
436 2220 499 2271 Qui·
538 2216 592 2278 bot,
623 2218 747 2268 Siciiicon
784 2219 963 2282 imponebant:
993 2219 1068 2285 cnjus

95 2307 263 2356 nuperorum
286 2293 392 2341 deornm
410 2294 499 2343 ruinut
536 2289 618 2354 figura
628 2293 685 2342 inec
704 2302 744 2342 ent
761 2294 908 2345 Victorino:
925 2294 1068 2361 444444144-

95 2368 277 2429 441144144444444,
290 2369 316 2417 id
329 2370 498 2431 444,1444144·
536 2367 618 2428 dtus,
634 2367 759 2418 Mess'irrs:
775 2370 853 2434 idque
873 2372 972 2433 signnm
989 2372 1070 2436 gemi-

95 2443 290 2503 44,·1414444444
310 2459 373 2493 vero
394 2446 498 2494 4144444144.
536 2442 613 2491 nandi
633 2457 759 2509 apparere
782 2443 808 2494 14
829 2447 916 2495 multis
936 2447 1067 2497 veteribus

537 2517 619 2568 adbuc
631 2520 736 2585 scriptis
746 2519 821 2569 libris
833 2527 982 2570 attestatur.
1015 2522 1068 2572 Sed

112 2595 150 2644 Ut
171 2596 297 2645 baberent
318 2609 376 2644 cum
404 2580 500 2645 laribus
537 2595 604 2644 44114
622 2595 655 2643 414
680 2596 749 2645 114444
771 2610 816 2644 444
841 2597 918 2645 unico
935 2597 1039 2646 omnino
1056 2603 1081 2646 4·

95 2674 170 2721 44444.
201 2673 315 2720 14444444.
537 2670 615 2719 scribi
642 2670 780 2734 debeat,
773 2685 800 2719 sn
823 2685 873 2720 414.
898 2672 1067 2735 disputatum.

104 2762 184 2796 4444444
194 2747 274 2812 socos]
290 2746 322 2796 ld
338 2752 388 2808 444,
404 2744 500 2794 4444111-
539 2745 644 2796 Pierius.

96 2834 170 2871 sare:
189 2829 217 2870 ut
228 2822 330 2884 quidem
341 2821 455 2881 Servius,
472 2826 501 2869 44
571 2825 620 2870 136
637 2820 764 2871 0444114114
772 2822 889 2885 nmisque]
906 2820 970 2871 Qum
981 2835 1069 2872 14444·

113 2906 262 2960 exponuut:
286 2896 407 2958 sortasse,
431 2895 500 2960 qnod
539 2896 664 2946 tendebat
674 2912 792 2962 magnam
803 2898 924 2947 fiduciam
937 2898 1067 2949 4441444411.

95 2991 99 3019 r
120 2974 200 3021 Vesta
219 2972 348 3021 interdum
370 2978 498 3020 sumatur:
539 2975 657 3023 1144444144.

95 3085 97 3098 .
110 3049 194 3110 Foras,
202 3047 294 3110 Ἐστία)
304 3049 360 3098 14144
369 3056 455 3096 entem
465 3047 502 3096 sit
573 3049 807 3114 Operatujnorntus]
820 3049 1069 3103 Perfecitsscriticia

95 3123 274 3187 extinguimus,
295 3128 345 3173 444.
369 3124 420 3183 441,
442 3123 502 3186 quia
540 3134 650 3190 propter
669 3127 805 3188 connubia,
831 3135 858 3176 44
881 3142 959 3177 novas
980 3127 1068 3178 4441444

95 3199 168 3249 14144
189 3202 268 3248 444414
285 3199 502 3264 aggrediebantur
540 3202 602 3266 quis
611 3203 680 3266 apud
691 3210 802 3266 veteres,
819 3217 903 3268 neque
922 3219 986 3253 uxor
1001 3203 1071 3268 duci,

113 3275 151 3325 At
172 3277 284 3325 Turneb.
303 3289 403 3325 xxvru.
426 3281 450 3325 6.
469 3289 501 3323 411
539 3291 623 3342 neque
634 3294 697 3344 ager
717 3280 785 3330 44441
796 3281 849 3330 4144
861 3281 994 3331 sacrificiis
1012 3296 1070 3347 per·

95 3350 138 3401 ico
150 3352 232 3400 reteri
243 3352 274 3401 P.
287 3352 413 3408 1144414114,
429 3351 502 3400 Focos
540 3357 607 3403 actis
622 3364 739 3419 poterat:
758 3364 787 3406 ut
802 3357 872 3417 aiibi,
890 3357 987 3405 4144414
1008 3371 1070 3420 ope·

97 3433 266 3490 terpretatur,
285 3426 502 3475 domosconstru·
540 3436 610 3479 ratus
642 3433 667 3478 in
698 3431 800 3481 herbis!
833 3432 900 3481 ltem
927 3431 1072 3495 1441444114,

95 3503 143 3552 ism
168 3503 271 3551 Servius
299 3502 503 3551 114414114444
540 3509 593 3555 Et
610 3507 743 3556 matutinis
761 3515 884 3571 operatur
901 3505 1069 3557 1441414444·

95 3580 185 3642 effigit,
196 3585 225 3627 et
236 3593 283 3642 per
302 3580 347 3628 hos
364 3578 501 3628 domicilia.
540 3581 593 3631 nis!
626 3582 731 3631 84144141.

95 3670 118 3704 n.
574 3657 818 3721 04444441444444444]
837 3657 868 3706 14
889 3657 975 3706 Sacris
994 3669 1069 3706 nsum

95 3747 133 3795 pre
159 3732 278 3795 uttoiiere]
300 3732 409 3781 Pontica
432 3732 502 3795 peri·
540 3734 618 3783 babet
629 3748 698 3796 sreps
709 3734 760 3782 1144
771 3733 886 3793 verbum
905 3739 934 3781 nt
952 3745 985 3779 cx
1001 3731 1070 3781 Nou.

118 3807 145 3856 141
172 3817 221 3870 441,
248 3809 336 3857 domos
363 3807 503 3858 4441114444.
540 3811 660 3860 Marcell.
676 3817 703 3859 et
721 3811 754 3858 N.
766 3808 799 3857 441
811 3807 860 3856 Ge
882 3821 910 3856 4.
917 3810 975 3855 446.
1005 3807 1070 3856 Sim·

94 3893 150 3935 4444
162 3887 257 3935 iocus
249 3900 276 3935 44
294 3886 403 3935 41411444
422 3887 503 3935 muni·
540 3885 645 3950 piiciter
655 3885 732 3934 441444
746 3898 792 3947 pro
802 3897 866 3945 opus
877 3880 974 3942 facere,
983 3894 1070 3945 quem·

95 3963 166 4013 44144.
540 3960 676 4010 admodum
704 3958 799 4008 Horat.
824 3958 900 4020 epist.
922 3970 941 4004 ι.
962 3959 987 4004 2.
1019 3954 1069 4003 ‘ln

95 4039 148 4104 pse]
171 4040 238 4090 1144
257 4039 386 4103 precipue
407 4037 504 4087 4444414
541 4044 601 4086 ente
619 4034 733 4085 curanda
754 4034 811 4097 pius
829 4030 1070 4096 mquooperatsju·

95 4131 130 4181 s,
138 4118 194 4169 14444
221 4129 343 4181 reparare
369 4114 503 4181 cupiebat.
540 4110 649 4163 sentus?
682 4111 827 4159 nmen.

574 4190 620 4236 141
636 4187 700 4236 dun
714 4180 847 4249 4144444444]
858 4181 945 4246 leges
965 4177 1070 4237 risendi
