<?xml version="1.0" encoding="UTF-8"?>
<!DOCTYPE html PUBLIC "-//W3C//DTD XHTML 1.0 Transitional//EN"
    "http://www.w3.org/TR/xhtml1/DTD/xhtml1-transitional.dtd">
<html xmlns="http://www.w3.org/1999/xhtml" xml:lang="en" lang="en">
 <head>
  <title>
</title>
<meta http-equiv="Content-Type" content="text/html;charset=utf-8" />
  <meta name='ocr-system' content='tesseract 3.04.00' />
  <meta name='ocr-capabilities' content='ocr_page ocr_carea ocr_par ocr_line ocrx_word'/>
</head>
<body>
  <div class='ocr_page' id='page_1' title='image "./pvirgiliimaroni06virggoog/pvirgiliimaroni06virggoog_0019.png"; bbox 0 0 2708 4694; ppageno 0'>
   <div class='ocr_carea' id='block_1_1' title="bbox 203 306 957 375">
    <p class='ocr_par' dir='ltr' id='par_1_1' title="bbox 203 306 957 375">
     <span class='ocr_line' id='line_1_1' title="bbox 203 306 957 375; baseline -0.001 0"><span class='ocrx_word' id='word_1_1' title='bbox 203 306 292 375; x_wconf 77' lang='lat'><strong>2176</strong></span> <span class='ocrx_word' id='word_1_2' title='bbox 559 320 668 373; x_wconf 77' lang='lat' dir='ltr'><strong>norm</strong></span> <span class='ocrx_word' id='word_1_3' title='bbox 690 321 892 373; x_wconf 84' lang='lat' dir='ltr'><strong>vsnronorr</strong></span> <span class='ocrx_word' id='word_1_4' title='bbox 914 323 957 374; x_wconf 82' lang='lat' dir='ltr'><strong>rrs</strong></span> 
     </span>
    </p>
   </div>
   <div class='ocr_carea' id='block_1_2' title="bbox 182 464 1309 3729">
    <p class='ocr_par' dir='ltr' id='par_1_2' title="bbox 184 464 1309 1368">
     <span class='ocr_line' id='line_1_2' title="bbox 204 464 1304 534; baseline 0 -15"><span class='ocrx_word' id='word_1_5' title='bbox 204 467 292 519; x_wconf 75' lang='lat' dir='ltr'><strong>AEnee</strong></span> <span class='ocrx_word' id='word_1_6' title='bbox 315 467 413 518; x_wconf 87' lang='lat' dir='ltr'><strong>dietum</strong></span> <span class='ocrx_word' id='word_1_7' title='bbox 432 472 473 517; x_wconf 85' lang='lat' dir='ltr'><strong>est</strong></span> <span class='ocrx_word' id='word_1_8' title='bbox 488 464 630 517; x_wconf 71' lang='lat' dir='ltr'><strong>lavinium.</strong></span> <span class='ocrx_word' id='word_1_9' title='bbox 660 465 734 530; x_wconf 74' lang='lat' dir='ltr'><strong>Ergo</strong></span> <span class='ocrx_word' id='word_1_10' title='bbox 770 465 1304 534; x_wconf 52' lang='lat' dir='ltr'><strong>uncornmodopeteseiuneqneinrliis,</strong></span> 
     </span>
     <span class='ocr_line' id='line_1_3' title="bbox 203 540 1307 606; baseline -0.002 -12"><span class='ocrx_word' id='word_1_11' title='bbox 203 544 573 605; x_wconf 77' lang='lat' dir='ltr'><strong>eutlasissssdsbuitdicere,</strong></span> <span class='ocrx_word' id='word_1_12' title='bbox 581 540 734 605; x_wconf 82' lang='lat' dir='ltr'><strong>sicutdlxit‚</strong></span> <span class='ocrx_word' id='word_1_13' title='bbox 771 557 834 606; x_wconf 90' lang='lat' dir='ltr'><strong>qnos</strong></span> <span class='ocrx_word' id='word_1_14' title='bbox 850 543 912 593; x_wconf 85' lang='lat' dir='ltr'><strong>olibi</strong></span> <span class='ocrx_word' id='word_1_15' title='bbox 936 542 1055 602; x_wconf 81' lang='lat' dir='ltr'><strong>viderim,</strong></span> <span class='ocrx_word' id='word_1_16' title='bbox 1071 542 1187 594; x_wconf 81' lang='lat' dir='ltr'>codicem</span> <span class='ocrx_word' id='word_1_17' title='bbox 1208 544 1307 606; x_wconf 83' lang='lat' dir='ltr'><strong>inveni,</strong></span> 
     </span>
     <span class='ocr_line' id='line_1_4' title="bbox 203 616 1305 685; baseline -0.002 -16"><span class='ocrx_word' id='word_1_18' title='bbox 203 621 416 679; x_wconf 62' lang='lat' dir='ltr'><strong>suthamtune,</strong></span> <span class='ocrx_word' id='word_1_19' title='bbox 440 620 555 685; x_wconf 81' lang='lat' dir='ltr'><strong>quemvis</strong></span> <span class='ocrx_word' id='word_1_20' title='bbox 572 618 675 683; x_wconf 79' lang='lat' dir='ltr'><strong>quium</strong></span> <span class='ocrx_word' id='word_1_21' title='bbox 694 632 735 668; x_wconf 88' lang='lat' dir='ltr'><strong>so-</strong></span> <span class='ocrx_word' id='word_1_22' title='bbox 771 618 815 682; x_wconf 88' lang='lat' dir='ltr'><strong>qui</strong></span> <span class='ocrx_word' id='word_1_23' title='bbox 836 619 973 668; x_wconf 77' lang='lat' dir='ltr'><strong>lectionem</strong></span> <span class='ocrx_word' id='word_1_24' title='bbox 995 616 1122 682; x_wconf 86' lang='lat' dir='ltr'><strong>ejusmodi</strong></span> <span class='ocrx_word' id='word_1_25' title='bbox 1142 618 1305 669; x_wconf 77' lang='lat' dir='ltr'><strong>contineret:</strong></span> 
     </span>
     <span class='ocr_line' id='line_1_5' title="bbox 203 688 1308 761; baseline -0.002 -13"><span class='ocrx_word' id='word_1_26' title='bbox 203 688 303 761; x_wconf 83' lang='lat' dir='ltr'><strong>perfluo</strong></span> <span class='ocrx_word' id='word_1_27' title='bbox 319 695 531 760; x_wconf 87' lang='lat' dir='ltr'><strong>esseProlepsirn</strong></span> <span class='ocrx_word' id='word_1_28' title='bbox 550 696 639 746; x_wconf 85' lang='lat' dir='ltr'><strong>velint.</strong></span> <span class='ocrx_word' id='word_1_29' title='bbox 666 694 734 744; x_wconf 84' lang='lat' dir='ltr'><strong>Sene</strong></span> <span class='ocrx_word' id='word_1_30' title='bbox 770 695 923 745; x_wconf 86' lang='lat' dir='ltr'><strong>lnomnlbus</strong></span> <span class='ocrx_word' id='word_1_31' title='bbox 943 710 1016 758; x_wconf 92' lang='lat' dir='ltr'><strong>vero,</strong></span> <span class='ocrx_word' id='word_1_32' title='bbox 1032 701 1159 760; x_wconf 78' lang='lat' dir='ltr'><strong>quotquot</strong></span> <span class='ocrx_word' id='word_1_33' title='bbox 1176 694 1308 746; x_wconf 80' lang='lat' dir='ltr'><strong>ensneisoi</strong></span> 
     </span>
     <span class='ocr_line' id='line_1_6' title="bbox 204 769 1307 837; baseline 0.001 -15"><span class='ocrx_word' id='word_1_34' title='bbox 204 772 271 823; x_wconf 87' lang='lat' dir='ltr'><strong>bens</strong></span> <span class='ocrx_word' id='word_1_35' title='bbox 290 772 392 823; x_wconf 82' lang='lat' dir='ltr'><strong>rddidit</strong></span> <span class='ocrx_word' id='word_1_36' title='bbox 413 773 515 834; x_wconf 69' lang='lat' dir='ltr'><strong>hoino,</strong></span> <span class='ocrx_word' id='word_1_37' title='bbox 525 779 555 821; x_wconf 90' lang='lat' dir='ltr'><strong>ot</strong></span> <span class='ocrx_word' id='word_1_38' title='bbox 575 771 734 837; x_wconf 71' lang='lat' dir='ltr'>ostenderet,</span> <span class='ocrx_word' id='word_1_39' title='bbox 771 771 853 833; x_wconf 89' lang='lat' dir='ltr'><strong>potui,</strong></span> <span class='ocrx_word' id='word_1_40' title='bbox 864 778 942 834; x_wconf 81' lang='lat' dir='ltr'><strong>utque</strong></span> <span class='ocrx_word' id='word_1_41' title='bbox 953 771 1030 820; x_wconf 82' lang='lat' dir='ltr'><strong>etism</strong></span> <span class='ocrx_word' id='word_1_42' title='bbox 1042 770 1068 819; x_wconf 92' lang='lat' dir='ltr'><strong>in</strong></span> <span class='ocrx_word' id='word_1_43' title='bbox 1079 769 1122 819; x_wconf 82' lang='lat' dir='ltr'><strong>Ti.</strong></span> <span class='ocrx_word' id='word_1_44' title='bbox 1137 771 1239 821; x_wconf 75' lang='lat' dir='ltr'><strong>Claudii</strong></span> <span class='ocrx_word' id='word_1_45' title='bbox 1254 773 1307 823; x_wconf 84' lang='lat' dir='ltr'><strong>Do·</strong></span> 
     </span>
     <span class='ocr_line' id='line_1_7' title="bbox 184 846 1306 915; baseline -0.001 -16"><span class='ocrx_word' id='word_1_46' title='bbox 184 849 237 899; x_wconf 77' lang='lat' dir='ltr'><strong>&#39;td</strong></span> <span class='ocrx_word' id='word_1_47' title='bbox 249 864 325 915; x_wconf 82' lang='lat' dir='ltr'><strong>quent</strong></span> <span class='ocrx_word' id='word_1_48' title='bbox 344 858 444 913; x_wconf 80' lang='lat' dir='ltr'><strong>purtem</strong></span> <span class='ocrx_word' id='word_1_49' title='bbox 460 849 544 901; x_wconf 78' lang='lat' dir='ltr'><strong>Itnlits</strong></span> <span class='ocrx_word' id='word_1_50' title='bbox 563 848 676 899; x_wconf 82' lang='lat' dir='ltr'><strong>venisset</strong></span> <span class='ocrx_word' id='word_1_51' title='bbox 692 848 734 898; x_wconf 71' lang='grc' dir='ltr'><strong>Ε·</strong></span> <span class='ocrx_word' id='word_1_52' title='bbox 771 846 1023 897; x_wconf 81' lang='lat' dir='ltr'><strong>nstioommenteriis</strong></span> <span class='ocrx_word' id='word_1_53' title='bbox 1033 847 1155 913; x_wconf 67' lang='lat' dir='ltr'><strong>antiquis,</strong></span> <span class='ocrx_word' id='word_1_54' title='bbox 1169 848 1306 912; x_wconf 64' lang='lat' dir='ltr'><strong>larisque</strong></span> 
     </span>
     <span class='ocr_line' id='line_1_8' title="bbox 203 920 1309 993; baseline -0.004 -15"><span class='ocrx_word' id='word_1_55' title='bbox 203 940 279 978; x_wconf 78' lang='lat' dir='ltr'><strong>nens:</strong></span> <span class='ocrx_word' id='word_1_56' title='bbox 297 926 358 993; x_wconf 84' lang='lat' dir='ltr'><strong>quin</strong></span> <span class='ocrx_word' id='word_1_57' title='bbox 377 933 404 975; x_wconf 87' lang='lat' dir='ltr'><strong>et</strong></span> <span class='ocrx_word' id='word_1_58' title='bbox 421 925 549 977; x_wconf 85' lang='lat' dir='ltr'><strong>multislii</strong></span> <span class='ocrx_word' id='word_1_59' title='bbox 567 941 599 976; x_wconf 85' lang='lat' dir='ltr'><strong>eo</strong></span> <span class='ocrx_word' id='word_1_60' title='bbox 617 931 734 990; x_wconf 87' lang='lat' dir='ltr'><strong>tempore</strong></span> <span class='ocrx_word' id='word_1_61' title='bbox 770 921 844 983; x_wconf 68' lang='lat' dir='ltr'><strong>weit,</strong></span> <span class='ocrx_word' id='word_1_62' title='bbox 863 920 954 970; x_wconf 77' lang='lat' dir='ltr'><strong>eodem</strong></span> <span class='ocrx_word' id='word_1_63' title='bbox 974 923 1095 986; x_wconf 78' lang='lat' dir='ltr'><strong>exemplo</strong></span> <span class='ocrx_word' id='word_1_64' title='bbox 1122 924 1248 988; x_wconf 85' lang='lat' dir='ltr'><strong>scripturn</strong></span> <span class='ocrx_word' id='word_1_65' title='bbox 1271 924 1309 974; x_wconf 89' lang='lat' dir='ltr'><strong>iu·</strong></span> 
     </span>
     <span class='ocr_line' id='line_1_9' title="bbox 202 995 1306 1067; baseline -0.006 -12"><span class='ocrx_word' id='word_1_66' title='bbox 202 1002 351 1055; x_wconf 77' lang='lat' dir='ltr'><strong>sdltnlism</strong></span> <span class='ocrx_word' id='word_1_67' title='bbox 366 1009 508 1063; x_wconf 75' lang='lat' dir='ltr'><strong>venerent3</strong></span> <span class='ocrx_word' id='word_1_68' title='bbox 526 1008 556 1052; x_wconf 90' lang='lat' dir='ltr'><strong>ut</strong></span> <span class='ocrx_word' id='word_1_69' title='bbox 573 1003 669 1067; x_wconf 77' lang='lat' dir='ltr'><strong>capys,</strong></span> <span class='ocrx_word' id='word_1_70' title='bbox 690 1002 734 1067; x_wconf 85' lang='lat' dir='ltr'><strong>qui</strong></span> <span class='ocrx_word' id='word_1_71' title='bbox 771 996 854 1060; x_wconf 83' lang='lat' dir='ltr'><strong>spexi.</strong></span> <span class='ocrx_word' id='word_1_72' title='bbox 887 995 990 1046; x_wconf 74' lang='lat' dir='ltr'><strong>Addam</strong></span> <span class='ocrx_word' id='word_1_73' title='bbox 1006 998 1117 1056; x_wconf 88' lang='lat' dir='ltr'><strong>etillud,</strong></span> <span class='ocrx_word' id='word_1_74' title='bbox 1131 999 1306 1062; x_wconf 75' lang='lat' dir='ltr'><strong>liturunieot,</strong></span> 
     </span>
     <span class='ocr_line' id='line_1_10' title="bbox 204 1072 1306 1144; baseline -0.005 -12"><span class='ocrx_word' id='word_1_75' title='bbox 204 1080 336 1144; x_wconf 79' lang='lat' dir='ltr'><strong>Csputm:</strong></span> <span class='ocrx_word' id='word_1_76' title='bbox 365 1080 480 1144; x_wconf 69' lang='lat' dir='ltr'><strong>Polym,</strong></span> <span class='ocrx_word' id='word_1_77' title='bbox 509 1078 552 1144; x_wconf 86' lang='lat' dir='ltr'><strong>qui</strong></span> <span class='ocrx_word' id='word_1_78' title='bbox 574 1078 735 1143; x_wconf 84' lang='lat' dir='ltr'><strong>Polytorium</strong></span> <span class='ocrx_word' id='word_1_79' title='bbox 772 1072 1005 1138; x_wconf 83' lang='lat' dir='ltr'><strong>insutiquioribns</strong></span> <span class='ocrx_word' id='word_1_80' title='bbox 1023 1073 1154 1139; x_wconf 87' lang='lat' dir='ltr'><strong>plerisque</strong></span> <span class='ocrx_word' id='word_1_81' title='bbox 1171 1074 1306 1126; x_wconf 86' lang='lat' dir='ltr'><strong>codicibus</strong></span> 
     </span>
     <span class='ocr_line' id='line_1_11' title="bbox 205 1149 1308 1206; baseline -0.004 0"><span class='ocrx_word' id='word_1_82' title='bbox 205 1154 387 1206; x_wconf 69' lang='lat' dir='ltr'><strong>condiderunt·</strong></span> <span class='ocrx_word' id='word_1_83' title='bbox 420 1153 521 1204; x_wconf 73' lang='lat' dir='ltr'><strong>Seruius.</strong></span> <span class='ocrx_word' id='word_1_84' title='bbox 771 1149 878 1199; x_wconf 78' lang='lat' dir='ltr'><strong>heberi:</strong></span> <span class='ocrx_word' id='word_1_85' title='bbox 896 1157 926 1200; x_wconf 88' lang='lat' dir='ltr'><strong>ut</strong></span> <span class='ocrx_word' id='word_1_86' title='bbox 946 1151 1024 1201; x_wconf 81' lang='lat' dir='ltr'><strong>etiem</strong></span> <span class='ocrx_word' id='word_1_87' title='bbox 1044 1151 1071 1200; x_wconf 90' lang='lat' dir='ltr'><strong>in</strong></span> <span class='ocrx_word' id='word_1_88' title='bbox 1090 1157 1208 1201; x_wconf 82' lang='lat' dir='ltr'><strong>veterum</strong></span> <span class='ocrx_word' id='word_1_89' title='bbox 1220 1166 1308 1202; x_wconf 85' lang='lat' dir='ltr'><strong>monu-</strong></span> 
     </span>
     <span class='ocr_line' id='line_1_12' title="bbox 236 1225 1306 1292; baseline -0.002 -12"><span class='ocrx_word' id='word_1_90' title='bbox 236 1227 503 1292; x_wconf 58' lang='lat' dir='ltr'><strong>mammeam</strong></span> <span class='ocrx_word' id='word_1_91' title='bbox 511 1228 736 1279; x_wconf 80' lang='lat' dir='ltr'><strong>eiiirnteAEnesm</strong></span> <span class='ocrx_word' id='word_1_92' title='bbox 771 1225 865 1274; x_wconf 82' lang='lat' dir='ltr'><strong>ruentis</strong></span> <span class='ocrx_word' id='word_1_93' title='bbox 883 1225 1037 1290; x_wconf 74' lang='lat' dir='ltr'><strong>inspicitur:</strong></span> <span class='ocrx_word' id='word_1_94' title='bbox 1064 1225 1098 1275; x_wconf 88' lang='lat' dir='ltr'><strong>de</strong></span> <span class='ocrx_word' id='word_1_95' title='bbox 1119 1239 1170 1290; x_wconf 88' lang='lat' dir='ltr'><strong>quo</strong></span> <span class='ocrx_word' id='word_1_96' title='bbox 1188 1225 1235 1276; x_wconf 88' lang='lat' dir='ltr'><strong>lib.</strong></span> <span class='ocrx_word' id='word_1_97' title='bbox 1255 1240 1306 1278; x_wconf 81' lang='lat' dir='ltr'><strong>vn.</strong></span> 
     </span>
     <span class='ocr_line' id='line_1_13' title="bbox 203 1300 995 1368; baseline -0.005 -12"><span class='ocrx_word' id='word_1_98' title='bbox 203 1306 231 1356; x_wconf 89' lang='lat' dir='ltr'><strong>in</strong></span> <span class='ocrx_word' id='word_1_99' title='bbox 241 1305 343 1355; x_wconf 80' lang='lat' dir='ltr'><strong>Itslissn</strong></span> <span class='ocrx_word' id='word_1_100' title='bbox 354 1305 482 1367; x_wconf 85' lang='lat' dir='ltr'><strong>venerint,</strong></span> <span class='ocrx_word' id='word_1_101' title='bbox 489 1305 532 1355; x_wconf 86' lang='lat' dir='ltr'><strong>ille</strong></span> <span class='ocrx_word' id='word_1_102' title='bbox 543 1311 629 1355; x_wconf 80' lang='lat' dir='ltr'><strong>tomen</strong></span> <span class='ocrx_word' id='word_1_103' title='bbox 638 1305 735 1368; x_wconf 89' lang='lat' dir='ltr'><strong>primus</strong></span> <span class='ocrx_word' id='word_1_104' title='bbox 773 1300 856 1364; x_wconf 82' lang='lat' dir='ltr'><strong>pluro.</strong></span> <span class='ocrx_word' id='word_1_105' title='bbox 889 1301 995 1352; x_wconf 74' lang='lat' dir='ltr'><strong>Pierius.</strong></span> 
     </span>
    </p>

    <p class='ocr_par' dir='ltr' id='par_1_3' title="bbox 182 1376 1307 3729">
     <span class='ocr_line' id='line_1_14' title="bbox 203 1376 1307 1444; baseline -0.003 -14"><span class='ocrx_word' id='word_1_106' title='bbox 203 1381 275 1431; x_wconf 82' lang='lat' dir='ltr'><strong>venit</strong></span> <span class='ocrx_word' id='word_1_107' title='bbox 285 1380 318 1430; x_wconf 84' lang='lat' dir='ltr'><strong>sd</strong></span> <span class='ocrx_word' id='word_1_108' title='bbox 329 1395 385 1430; x_wconf 89' lang='lat' dir='ltr'><strong>esrn</strong></span> <span class='ocrx_word' id='word_1_109' title='bbox 397 1388 507 1444; x_wconf 73' lang='lat' dir='ltr'><strong>partem,</strong></span> <span class='ocrx_word' id='word_1_110' title='bbox 520 1379 564 1429; x_wconf 89' lang='lat' dir='ltr'><strong>ubi</strong></span> <span class='ocrx_word' id='word_1_111' title='bbox 576 1379 670 1428; x_wconf 86' lang='lat' dir='ltr'><strong>deinde</strong></span> <span class='ocrx_word' id='word_1_112' title='bbox 680 1377 736 1428; x_wconf 83' lang='lat' dir='ltr'><strong>fue·</strong></span> <span class='ocrx_word' id='word_1_113' title='bbox 778 1430 780 1435; x_wconf 73' lang='grc'>,</span> <span class='ocrx_word' id='word_1_114' title='bbox 804 1377 897 1426; x_wconf 68' lang='lat' dir='ltr'><strong>hurso</strong></span> <span class='ocrx_word' id='word_1_115' title='bbox 907 1376 1004 1440; x_wconf 66' lang='lat' dir='ltr'><strong>Hm]</strong></span> <span class='ocrx_word' id='word_1_116' title='bbox 1016 1376 1134 1441; x_wconf 78' lang='lat' dir='ltr'><strong>Agnosco</strong></span> <span class='ocrx_word' id='word_1_117' title='bbox 1144 1376 1307 1443; x_wconf 81' lang='lat' dir='ltr'><strong>sntioipntlo-</strong></span> 
     </span>
     <span class='ocr_line' id='line_1_15' title="bbox 203 1450 1305 1521; baseline 0.003 -15"><span class='ocrx_word' id='word_1_118' title='bbox 203 1456 344 1507; x_wconf 80' lang='lat' dir='ltr'><strong>rnntiitsrs</strong></span> <span class='ocrx_word' id='word_1_119' title='bbox 354 1455 458 1506; x_wconf 66' lang='lat' dir='ltr'><strong>hoino:</strong></span> <span class='ocrx_word' id='word_1_120' title='bbox 474 1463 502 1504; x_wconf 89' lang='lat' dir='ltr'><strong>et</strong></span> <span class='ocrx_word' id='word_1_121' title='bbox 517 1455 616 1518; x_wconf 86' lang='lat' dir='ltr'><strong>primus</strong></span> <span class='ocrx_word' id='word_1_122' title='bbox 627 1452 684 1504; x_wconf 81' lang='lat' dir='ltr'><strong>fsto</strong></span> <span class='ocrx_word' id='word_1_123' title='bbox 694 1469 737 1504; x_wconf 87' lang='lat' dir='ltr'><strong>ve-</strong></span> <span class='ocrx_word' id='word_1_124' title='bbox 772 1468 831 1503; x_wconf 84' lang='lat' dir='ltr'><strong>nem</strong></span> <span class='ocrx_word' id='word_1_125' title='bbox 855 1455 957 1519; x_wconf 69' lang='lat' dir='ltr'><strong>(Greci</strong></span> <span class='ocrx_word' id='word_1_126' title='bbox 976 1465 1083 1520; x_wconf 82' lang='lat' dir='ltr'><strong>vocant,</strong></span> <span class='ocrx_word' id='word_1_127' title='bbox 1102 1450 1230 1521; x_wconf 60' lang='lat' dir='ltr'><strong>spinule)</strong></span> <span class='ocrx_word' id='word_1_128' title='bbox 1246 1472 1305 1509; x_wconf 87' lang='lat' dir='ltr'><strong>com</strong></span> 
     </span>
     <span class='ocr_line' id='line_1_16' title="bbox 204 1529 1306 1600; baseline 0.002 -19"><span class='ocrx_word' id='word_1_129' title='bbox 204 1531 250 1593; x_wconf 79' lang='lat' dir='ltr'><strong>nit,</strong></span> <span class='ocrx_word' id='word_1_130' title='bbox 262 1545 322 1581; x_wconf 86' lang='lat' dir='ltr'><strong>oum</strong></span> <span class='ocrx_word' id='word_1_131' title='bbox 334 1532 378 1581; x_wconf 88' lang='lat' dir='ltr'><strong>elii</strong></span> <span class='ocrx_word' id='word_1_132' title='bbox 388 1545 449 1581; x_wconf 83' lang='lat' dir='ltr'><strong>essu</strong></span> <span class='ocrx_word' id='word_1_133' title='bbox 460 1531 597 1593; x_wconf 85' lang='lat' dir='ltr'><strong>venissent,</strong></span> <span class='ocrx_word' id='word_1_134' title='bbox 606 1546 668 1594; x_wconf 89' lang='lat' dir='ltr'><strong>ergo</strong></span> <span class='ocrx_word' id='word_1_135' title='bbox 681 1529 735 1580; x_wconf 81' lang='lat' dir='ltr'><strong>fsto</strong></span> <span class='ocrx_word' id='word_1_136' title='bbox 773 1530 904 1595; x_wconf 82' lang='lat' dir='ltr'><strong>videlieet,</strong></span> <span class='ocrx_word' id='word_1_137' title='bbox 915 1533 983 1596; x_wconf 85' lang='lat' dir='ltr'><strong>quod</strong></span> <span class='ocrx_word' id='word_1_138' title='bbox 992 1533 1119 1595; x_wconf 71' lang='lat' dir='ltr'><strong>posterius</strong></span> <span class='ocrx_word' id='word_1_139' title='bbox 1127 1532 1234 1600; x_wconf 76' lang='lat' dir='ltr'><strong>eccidit,</strong></span> <span class='ocrx_word' id='word_1_140' title='bbox 1244 1542 1306 1583; x_wconf 84' lang='lat' dir='ltr'><strong>onte</strong></span> 
     </span>
     <span class='ocr_line' id='line_1_17' title="bbox 202 1605 1306 1672; baseline 0.005 -17"><span class='ocrx_word' id='word_1_141' title='bbox 202 1605 318 1672; x_wconf 86' lang='lat' dir='ltr'><strong>perdidit</strong></span> <span class='ocrx_word' id='word_1_142' title='bbox 327 1605 453 1670; x_wconf 76' lang='lat' dir='ltr'><strong>putrium:</strong></span> <span class='ocrx_word' id='word_1_143' title='bbox 470 1607 533 1656; x_wconf 83' lang='lat' dir='ltr'><strong>Folo</strong></span> <span class='ocrx_word' id='word_1_144' title='bbox 541 1607 654 1656; x_wconf 69' lang='lat' dir='ltr'><strong>mim</strong></span> <span class='ocrx_word' id='word_1_145' title='bbox 671 1605 736 1656; x_wconf 80' lang='lat' dir='ltr'><strong>Fato</strong></span> <span class='ocrx_word' id='word_1_146' title='bbox 774 1612 877 1671; x_wconf 88' lang='lat' dir='ltr'><strong>tempus</strong></span> <span class='ocrx_word' id='word_1_147' title='bbox 887 1608 1021 1659; x_wconf 86' lang='lat' dir='ltr'><strong>scribitur.</strong></span> <span class='ocrx_word' id='word_1_148' title='bbox 1055 1609 1178 1659; x_wconf 87' lang='lat' dir='ltr'><strong>Nondum</strong></span> <span class='ocrx_word' id='word_1_149' title='bbox 1186 1609 1306 1666; x_wconf 69' lang='lat' dir='ltr'><strong>enlitors</strong></span> 
     </span>
     <span class='ocr_line' id='line_1_18' title="bbox 201 1682 1305 1747; baseline 0.003 -15"><span class='ocrx_word' id='word_1_150' title='bbox 201 1682 357 1747; x_wconf 84' lang='lat' dir='ltr'><strong>pervenitiu</strong></span> <span class='ocrx_word' id='word_1_151' title='bbox 369 1682 458 1733; x_wconf 81' lang='lat' dir='ltr'><strong>litters</strong></span> <span class='ocrx_word' id='word_1_152' title='bbox 469 1682 573 1732; x_wconf 76' lang='lat' dir='ltr'><strong>Lurius.</strong></span> <span class='ocrx_word' id='word_1_153' title='bbox 618 1683 736 1734; x_wconf 67' lang='lat' dir='ltr'><strong>Donum</strong></span> <span class='ocrx_word' id='word_1_154' title='bbox 772 1682 861 1736; x_wconf 84' lang='lat' dir='ltr'><strong>sutsb</strong></span> <span class='ocrx_word' id='word_1_155' title='bbox 880 1684 977 1734; x_wconf 65' lang='lat' dir='ltr'><strong>huno</strong></span> <span class='ocrx_word' id='word_1_156' title='bbox 994 1683 1080 1734; x_wconf 66' lang='lat' dir='ltr'><strong>latini</strong></span> <span class='ocrx_word' id='word_1_157' title='bbox 1098 1683 1190 1747; x_wconf 71' lang='lat' dir='ltr'><strong>fratre,</strong></span> <span class='ocrx_word' id='word_1_158' title='bbox 1207 1693 1253 1745; x_wconf 82' lang='lat' dir='ltr'><strong>snt</strong></span> <span class='ocrx_word' id='word_1_159' title='bbox 1271 1685 1305 1735; x_wconf 87' lang='lat' dir='ltr'><strong>ub</strong></span> 
     </span>
     <span class='ocr_line' id='line_1_19' title="bbox 209 1756 1305 1827; baseline 0.005 -19"><span class='ocrx_word' id='word_1_160' title='bbox 209 1757 370 1822; x_wconf 43' lang='lat' dir='ltr'><strong>slaviam</strong></span> <span class='ocrx_word' id='word_1_161' title='bbox 388 1757 453 1807; x_wconf 74' lang='lat' dir='ltr'><strong>osuit</strong></span> <span class='ocrx_word' id='word_1_162' title='bbox 474 1757 558 1820; x_wconf 79' lang='lat' dir='ltr'><strong>litora]</strong></span> <span class='ocrx_word' id='word_1_163' title='bbox 573 1757 660 1807; x_wconf 79' lang='lat' dir='ltr'><strong>Anxie</strong></span> <span class='ocrx_word' id='word_1_164' title='bbox 680 1756 736 1822; x_wconf 91' lang='lat' dir='ltr'><strong>qui·</strong></span> <span class='ocrx_word' id='word_1_165' title='bbox 772 1756 879 1808; x_wconf 78' lang='lat' dir='ltr'><strong>Lavinia</strong></span> <span class='ocrx_word' id='word_1_166' title='bbox 898 1758 984 1808; x_wconf 79' lang='lat' dir='ltr'><strong>Latini</strong></span> <span class='ocrx_word' id='word_1_167' title='bbox 1003 1759 1055 1808; x_wconf 84' lang='lat' dir='ltr'><strong>filiu</strong></span> <span class='ocrx_word' id='word_1_168' title='bbox 1084 1775 1176 1812; x_wconf 85' lang='lat' dir='ltr'><strong>nomen</strong></span> <span class='ocrx_word' id='word_1_169' title='bbox 1197 1776 1305 1827; x_wconf 75' lang='lat' dir='ltr'><strong>accepe-</strong></span> 
     </span>
     <span class='ocr_line' id='line_1_20' title="bbox 202 1832 1305 1900; baseline 0.005 -14"><span class='ocrx_word' id='word_1_170' title='bbox 202 1833 272 1897; x_wconf 79' lang='lat' dir='ltr'><strong>dem,</strong></span> <span class='ocrx_word' id='word_1_171' title='bbox 287 1847 319 1884; x_wconf 77' lang='lat' dir='ltr'><strong>se</strong></span> <span class='ocrx_word' id='word_1_172' title='bbox 339 1833 481 1884; x_wconf 69' lang='lat' dir='ltr'><strong>diutissime</strong></span> <span class='ocrx_word' id='word_1_173' title='bbox 499 1833 615 1898; x_wconf 68' lang='lat' dir='ltr'><strong>quesivi,</strong></span> <span class='ocrx_word' id='word_1_174' title='bbox 631 1832 736 1882; x_wconf 79' lang='lat' dir='ltr'><strong>obinunt</strong></span> <span class='ocrx_word' id='word_1_175' title='bbox 772 1845 842 1899; x_wconf 84' lang='lat' dir='ltr'><strong>runt,</strong></span> <span class='ocrx_word' id='word_1_176' title='bbox 853 1836 899 1887; x_wconf 89' lang='lat' dir='ltr'><strong>sed</strong></span> <span class='ocrx_word' id='word_1_177' title='bbox 911 1844 970 1900; x_wconf 89' lang='lat' dir='ltr'><strong>post</strong></span> <span class='ocrx_word' id='word_1_178' title='bbox 980 1837 1118 1888; x_wconf 79' lang='lat' dir='ltr'><strong>adventum</strong></span> <span class='ocrx_word' id='word_1_179' title='bbox 1137 1839 1225 1891; x_wconf 76' lang='lat' dir='ltr'><strong>AEnene</strong></span> <span class='ocrx_word' id='word_1_180' title='bbox 1235 1841 1263 1890; x_wconf 89' lang='lat' dir='ltr'><strong>in</strong></span> <span class='ocrx_word' id='word_1_181' title='bbox 1273 1854 1305 1891; x_wconf 80' lang='lat' dir='ltr'><strong>ss</strong></span> 
     </span>
     <span class='ocr_line' id='line_1_21' title="bbox 202 1908 1306 1982; baseline 0.007 -22"><span class='ocrx_word' id='word_1_182' title='bbox 202 1910 317 1975; x_wconf 64' lang='lat' dir='ltr'><strong>gadum</strong></span> <span class='ocrx_word' id='word_1_183' title='bbox 327 1909 518 1973; x_wconf 72' lang='lat' dir='ltr'><strong>antiquissimus</strong></span> <span class='ocrx_word' id='word_1_184' title='bbox 534 1909 577 1958; x_wconf 88' lang='lat' dir='ltr'><strong>ille</strong></span> <span class='ocrx_word' id='word_1_185' title='bbox 597 1908 681 1958; x_wconf 81' lang='lat' dir='ltr'>codex</span> <span class='ocrx_word' id='word_1_186' title='bbox 692 1909 735 1958; x_wconf 87' lang='lat' dir='ltr'><strong>de·</strong></span> <span class='ocrx_word' id='word_1_187' title='bbox 771 1914 837 1975; x_wconf 80' lang='lat' dir='ltr'><strong>locs,</strong></span> <span class='ocrx_word' id='word_1_188' title='bbox 848 1911 917 1976; x_wconf 89' lang='lat' dir='ltr'><strong>quod</strong></span> <span class='ocrx_word' id='word_1_189' title='bbox 927 1913 997 1964; x_wconf 84' lang='lat' dir='ltr'><strong>Juno</strong></span> <span class='ocrx_word' id='word_1_190' title='bbox 1007 1914 1077 1978; x_wconf 82' lang='lat' dir='ltr'><strong>opud</strong></span> <span class='ocrx_word' id='word_1_191' title='bbox 1088 1915 1179 1965; x_wconf 86' lang='lat' dir='ltr'><strong>Silium</strong></span> <span class='ocrx_word' id='word_1_192' title='bbox 1194 1931 1306 1982; x_wconf 79' lang='lat' dir='ltr'><strong>conque·</strong></span> 
     </span>
     <span class='ocr_line' id='line_1_22' title="bbox 202 1983 1306 2058; baseline 0.008 -23"><span class='ocrx_word' id='word_1_193' title='bbox 202 1986 347 2046; x_wconf 84' lang='lat' dir='ltr'><strong>liteseeret,</strong></span> <span class='ocrx_word' id='word_1_194' title='bbox 357 1984 383 2032; x_wconf 92' lang='lat' dir='ltr'><strong>in</strong></span> <span class='ocrx_word' id='word_1_195' title='bbox 393 1998 444 2048; x_wconf 90' lang='lat' dir='ltr'><strong>quo</strong></span> <span class='ocrx_word' id='word_1_196' title='bbox 459 1983 735 2047; x_wconf 63' lang='lat' dir='ltr'><strong>mensunusum,</strong></span> <span class='ocrx_word' id='word_1_197' title='bbox 772 1988 838 2038; x_wconf 87' lang='lat' dir='ltr'><strong>ritur</strong></span> <span class='ocrx_word' id='word_1_198' title='bbox 855 1987 894 2036; x_wconf 85' lang='lat' dir='ltr'><strong>his</strong></span> <span class='ocrx_word' id='word_1_199' title='bbox 912 1989 1042 2040; x_wconf 82' lang='lat' dir='ltr'><strong>versibus:</strong></span> <span class='ocrx_word' id='word_1_200' title='bbox 1064 1989 1203 2042; x_wconf 83' lang='lat' dir='ltr'><strong>‘intulerit</strong></span> <span class='ocrx_word' id='word_1_201' title='bbox 1219 1992 1306 2058; x_wconf 72' lang='lat' dir='ltr'><strong>latio,</strong></span> 
     </span>
     <span class='ocr_line' id='line_1_23' title="bbox 203 2057 1306 2130; baseline 0.003 -21"><span class='ocrx_word' id='word_1_202' title='bbox 203 2059 322 2124; x_wconf 83' lang='lat' dir='ltr'><strong>plerique</strong></span> <span class='ocrx_word' id='word_1_203' title='bbox 333 2072 384 2107; x_wconf 90' lang='lat' dir='ltr'><strong>non</strong></span> <span class='ocrx_word' id='word_1_204' title='bbox 404 2057 531 2108; x_wconf 72' lang='lat' dir='ltr'><strong>illitterati</strong></span> <span class='ocrx_word' id='word_1_205' title='bbox 542 2057 592 2106; x_wconf 86' lang='lat' dir='ltr'><strong>viri</strong></span> <span class='ocrx_word' id='word_1_206' title='bbox 610 2058 735 2123; x_wconf 80' lang='lat' dir='ltr'><strong>scripturn</strong></span> <span class='ocrx_word' id='word_1_207' title='bbox 771 2069 861 2126; x_wconf 74' lang='lat' dir='ltr'><strong>spreto</strong></span> <span class='ocrx_word' id='word_1_208' title='bbox 871 2079 924 2127; x_wconf 89' lang='lat' dir='ltr'><strong>me,</strong></span> <span class='ocrx_word' id='word_1_209' title='bbox 934 2065 1039 2127; x_wconf 82' lang='lat' dir='ltr'><strong>Troius,</strong></span> <span class='ocrx_word' id='word_1_210' title='bbox 1049 2065 1144 2130; x_wconf 86' lang='lat' dir='ltr'><strong>inquit,</strong></span> <span class='ocrx_word' id='word_1_211' title='bbox 1154 2067 1222 2117; x_wconf 83' lang='lat' dir='ltr'><strong>Ernl</strong></span> <span class='ocrx_word' id='word_1_212' title='bbox 1238 2070 1306 2121; x_wconf 74' lang='lat' dir='ltr'><strong>Der.</strong></span> 
     </span>
     <span class='ocr_line' id='line_1_24' title="bbox 203 2134 1306 2210; baseline 0.008 -23"><span class='ocrx_word' id='word_1_213' title='bbox 203 2141 397 2188; x_wconf 63' lang='lat' dir='ltr'><strong>assuererunt:</strong></span> <span class='ocrx_word' id='word_1_214' title='bbox 414 2135 497 2184; x_wconf 70' lang='lat' dir='ltr'><strong>citato</strong></span> <span class='ocrx_word' id='word_1_215' title='bbox 509 2148 543 2183; x_wconf 82' lang='lat' dir='ltr'><strong>ex</strong></span> <span class='ocrx_word' id='word_1_216' title='bbox 558 2134 688 2183; x_wconf 81' lang='lat' dir='ltr'><strong>Vsticnns</strong></span> <span class='ocrx_word' id='word_1_217' title='bbox 699 2134 735 2183; x_wconf 87' lang='lat' dir='ltr'><strong>bi·</strong></span> <span class='ocrx_word' id='word_1_218' title='bbox 771 2136 922 2201; x_wconf 74' lang='lat' dir='ltr'><strong>dminm„et</strong></span> <span class='ocrx_word' id='word_1_219' title='bbox 934 2139 972 2189; x_wconf 87' lang='lat' dir='ltr'><strong>bis</strong></span> <span class='ocrx_word' id='word_1_220' title='bbox 982 2141 1086 2190; x_wconf 77' lang='lat' dir='ltr'><strong>numine</strong></span> <span class='ocrx_word' id='word_1_221' title='bbox 1094 2148 1173 2206; x_wconf 74' lang='lat' dir='ltr'><strong>coptu</strong></span> <span class='ocrx_word' id='word_1_222' title='bbox 1181 2143 1306 2210; x_wconf 72' lang='lat' dir='ltr'><strong>Penates,</strong></span> 
     </span>
     <span class='ocr_line' id='line_1_25' title="bbox 201 2211 1306 2280; baseline 0.007 -17"><span class='ocrx_word' id='word_1_223' title='bbox 201 2212 331 2264; x_wconf 78' lang='lat' dir='ltr'><strong>bliothsoo</strong></span> <span class='ocrx_word' id='word_1_224' title='bbox 350 2211 531 2274; x_wconf 79' lang='lat' dir='ltr'><strong>vetustissimo,</strong></span> <span class='ocrx_word' id='word_1_225' title='bbox 549 2211 592 2274; x_wconf 89' lang='lat' dir='ltr'><strong>qni</strong></span> <span class='ocrx_word' id='word_1_226' title='bbox 608 2226 734 2277; x_wconf 72' lang='lat' dir='ltr'><strong>nusquam</strong></span> <span class='ocrx_word' id='word_1_227' title='bbox 770 2213 932 2280; x_wconf 71' lang='lat' dir='ltr'><strong>sceptroque</strong></span> <span class='ocrx_word' id='word_1_228' title='bbox 949 2213 1065 2266; x_wconf 73' lang='lat' dir='ltr'><strong>fundarit</strong></span> <span class='ocrx_word' id='word_1_229' title='bbox 1091 2218 1177 2268; x_wconf 80' lang='lat' dir='ltr'><strong>victor</strong></span> <span class='ocrx_word' id='word_1_230' title='bbox 1196 2219 1306 2271; x_wconf 72' lang='lat' dir='ltr'><strong>lavinio</strong></span> 
     </span>
     <span class='ocr_line' id='line_1_26' title="bbox 202 2287 1306 2352; baseline 0.005 -12"><span class='ocrx_word' id='word_1_231' title='bbox 202 2288 331 2340; x_wconf 83' lang='lat' dir='ltr'><strong>invenitor</strong></span> <span class='ocrx_word' id='word_1_232' title='bbox 346 2288 453 2339; x_wconf 85' lang='lat' dir='ltr'><strong>eodice:</strong></span> <span class='ocrx_word' id='word_1_233' title='bbox 472 2290 560 2352; x_wconf 84' lang='lat' dir='ltr'><strong>regulo</strong></span> <span class='ocrx_word' id='word_1_234' title='bbox 574 2289 652 2339; x_wconf 86' lang='lat' dir='ltr'><strong>etism</strong></span> <span class='ocrx_word' id='word_1_235' title='bbox 663 2290 734 2341; x_wconf 81' lang='lat' dir='ltr'><strong>odin-</strong></span> <span class='ocrx_word' id='word_1_236' title='bbox 769 2287 901 2340; x_wconf 70' lang='lat' dir='ltr'><strong>Teucris?</strong></span> <span class='ocrx_word' id='word_1_237' title='bbox 929 2289 964 2340; x_wconf 80' lang='lat' dir='ltr'><strong>Et</strong></span> <span class='ocrx_word' id='word_1_238' title='bbox 983 2298 1070 2341; x_wconf 85' lang='lat' dir='ltr'><strong>tomen</strong></span> <span class='ocrx_word' id='word_1_239' title='bbox 1096 2292 1189 2343; x_wconf 81' lang='lat' dir='ltr'><strong>lEueus</strong></span> <span class='ocrx_word' id='word_1_240' title='bbox 1209 2292 1306 2345; x_wconf 85' lang='lat' dir='ltr'><strong>dicitur</strong></span> 
     </span>
     <span class='ocr_line' id='line_1_27' title="bbox 202 2363 1305 2430; baseline 0.007 -14"><span class='ocrx_word' id='word_1_241' title='bbox 202 2371 350 2430; x_wconf 80' lang='lat' dir='ltr'><strong>vents‚qos</strong></span> <span class='ocrx_word' id='word_1_242' title='bbox 370 2364 587 2415; x_wconf 76' lang='lat' dir='ltr'><strong>denominativum</strong></span> <span class='ocrx_word' id='word_1_243' title='bbox 603 2379 635 2414; x_wconf 84' lang='lat' dir='ltr'><strong>es</strong></span> <span class='ocrx_word' id='word_1_244' title='bbox 651 2363 735 2415; x_wconf 81' lang='lat' dir='ltr'><strong>forms</strong></span> <span class='ocrx_word' id='word_1_245' title='bbox 771 2367 871 2418; x_wconf 85' lang='lat' dir='ltr'><strong>venisse</strong></span> <span class='ocrx_word' id='word_1_246' title='bbox 881 2370 907 2418; x_wconf 90' lang='lat' dir='ltr'><strong>in</strong></span> <span class='ocrx_word' id='word_1_247' title='bbox 918 2369 1016 2419; x_wconf 77' lang='lat' dir='ltr'><strong>Levius</strong></span> <span class='ocrx_word' id='word_1_248' title='bbox 1025 2371 1121 2420; x_wconf 76' lang='lat' dir='ltr'><strong>littore.</strong></span> <span class='ocrx_word' id='word_1_249' title='bbox 1151 2371 1305 2424; x_wconf 81' lang='lat' dir='ltr'><strong>Multssnnt</strong></span> 
     </span>
     <span class='ocr_line' id='line_1_28' title="bbox 186 2441 1305 2512; baseline 0.006 -19"><span class='ocrx_word' id='word_1_250' title='bbox 186 2441 330 2493; x_wconf 58' lang='lat' dir='ltr'><strong>deducere</strong></span> <span class='ocrx_word' id='word_1_251' title='bbox 356 2442 528 2492; x_wconf 75' lang='lat' dir='ltr'><strong>necessarium</strong></span> <span class='ocrx_word' id='word_1_252' title='bbox 548 2448 648 2506; x_wconf 85' lang='lat' dir='ltr'><strong>putent.</strong></span> <span class='ocrx_word' id='word_1_253' title='bbox 681 2442 733 2492; x_wconf 88' lang='lat' dir='ltr'><strong>Sed</strong></span> <span class='ocrx_word' id='word_1_254' title='bbox 770 2442 841 2506; x_wconf 85' lang='lat' dir='ltr'><strong>spud</strong></span> <span class='ocrx_word' id='word_1_255' title='bbox 859 2444 1001 2506; x_wconf 70' lang='lat' dir='ltr'><strong>Poitns,et</strong></span> <span class='ocrx_word' id='word_1_256' title='bbox 1017 2447 1086 2511; x_wconf 84' lang='lat' dir='ltr'><strong>spud</strong></span> <span class='ocrx_word' id='word_1_257' title='bbox 1106 2446 1242 2512; x_wconf 76' lang='lat' dir='ltr'><strong>Virgilium</strong></span> <span class='ocrx_word' id='word_1_258' title='bbox 1252 2463 1305 2501; x_wconf 87' lang='lat' dir='ltr'><strong>non</strong></span> 
     </span>
     <span class='ocr_line' id='line_1_29' title="bbox 182 2517 1306 2593; baseline 0.008 -26"><span class='ocrx_word' id='word_1_259' title='bbox 182 2543 184 2547; x_wconf 38' lang='lat' dir='ltr'>v</span> <span class='ocrx_word' id='word_1_260' title='bbox 202 2517 280 2580; x_wconf 82' lang='lat' dir='ltr'><strong>enim,</strong></span> <span class='ocrx_word' id='word_1_261' title='bbox 289 2525 320 2568; x_wconf 89' lang='lat' dir='ltr'><strong>ut</strong></span> <span class='ocrx_word' id='word_1_262' title='bbox 330 2519 412 2569; x_wconf 84' lang='lat' dir='ltr'><strong>multe</strong></span> <span class='ocrx_word' id='word_1_263' title='bbox 427 2526 589 2582; x_wconf 71' lang='lat' dir='ltr'><strong>preteream,</strong></span> <span class='ocrx_word' id='word_1_264' title='bbox 604 2533 661 2583; x_wconf 80' lang='lat' dir='ltr'><strong>quse</strong></span> <span class='ocrx_word' id='word_1_265' title='bbox 673 2532 734 2568; x_wconf 55' lang='lat' dir='ltr'><strong>cous</strong></span> <span class='ocrx_word' id='word_1_266' title='bbox 770 2532 863 2583; x_wconf 79' lang='lat' dir='ltr'><strong>penes,</strong></span> <span class='ocrx_word' id='word_1_267' title='bbox 874 2535 940 2584; x_wconf 80' lang='lat' dir='ltr'><strong>quae,</strong></span> <span class='ocrx_word' id='word_1_268' title='bbox 949 2521 998 2571; x_wconf 91' lang='lat' dir='ltr'><strong>nisi</strong></span> <span class='ocrx_word' id='word_1_269' title='bbox 1008 2523 1055 2572; x_wconf 76' lang='lat' dir='ltr'><strong>lise</strong></span> <span class='ocrx_word' id='word_1_270' title='bbox 1065 2521 1158 2593; x_wconf 78' lang='lat' dir='ltr'><strong>figure,</strong></span> <span class='ocrx_word' id='word_1_271' title='bbox 1166 2524 1238 2582; x_wconf 70' lang='lat' dir='ltr'><strong>selvo</strong></span> <span class='ocrx_word' id='word_1_272' title='bbox 1248 2540 1306 2577; x_wconf 84' lang='lat' dir='ltr'><strong>esse</strong></span> 
     </span>
     <span class='ocr_line' id='line_1_30' title="bbox 202 2594 1304 2666; baseline -0.003 -22"><span class='ocrx_word' id='word_1_273' title='bbox 202 2600 246 2656; x_wconf 80' lang='lat' dir='ltr'><strong>trs</strong></span> <span class='ocrx_word' id='word_1_274' title='bbox 263 2596 352 2659; x_wconf 80' lang='lat' dir='ltr'><strong>oggeri</strong></span> <span class='ocrx_word' id='word_1_275' title='bbox 374 2602 489 2658; x_wconf 83' lang='lat' dir='ltr'><strong>possent,</strong></span> <span class='ocrx_word' id='word_1_276' title='bbox 508 2595 542 2643; x_wconf 87' lang='lat' dir='ltr'><strong>sd</strong></span> <span class='ocrx_word' id='word_1_277' title='bbox 561 2595 617 2658; x_wconf 88' lang='lat' dir='ltr'><strong>ejus</strong></span> <span class='ocrx_word' id='word_1_278' title='bbox 635 2597 733 2659; x_wconf 77' lang='lat' dir='ltr'><strong>regulos</strong></span> <span class='ocrx_word' id='word_1_279' title='bbox 770 2602 908 2659; x_wconf 80' lang='lat' dir='ltr'><strong>nequeunt.</strong></span> <span class='ocrx_word' id='word_1_280' title='bbox 941 2594 1019 2660; x_wconf 80' lang='lat' dir='ltr'><strong>Apud</strong></span> <span class='ocrx_word' id='word_1_281' title='bbox 1037 2599 1126 2647; x_wconf 84' lang='lat' dir='ltr'><strong>Plnut.</strong></span> <span class='ocrx_word' id='word_1_282' title='bbox 1149 2597 1244 2663; x_wconf 81' lang='lat' dir='ltr'><strong>Amph.</strong></span> <span class='ocrx_word' id='word_1_283' title='bbox 1259 2601 1304 2666; x_wconf 87' lang='lat' dir='ltr'><strong>jo.</strong></span> 
     </span>
     <span class='ocr_line' id='line_1_31' title="bbox 201 2669 1304 2740; baseline 0.002 -19"><span class='ocrx_word' id='word_1_284' title='bbox 201 2669 378 2732; x_wconf 79' lang='lat' dir='ltr'><strong>infirmitsteur</strong></span> <span class='ocrx_word' id='word_1_285' title='bbox 398 2670 596 2736; x_wconf 72' lang='lat' dir='ltr'><strong>coarguendum,</strong></span> <span class='ocrx_word' id='word_1_286' title='bbox 617 2686 664 2722; x_wconf 85' lang='lat' dir='ltr'><strong>eur</strong></span> <span class='ocrx_word' id='word_1_287' title='bbox 683 2673 733 2722; x_wconf 84' lang='lat' dir='ltr'><strong>Lo-</strong></span> <span class='ocrx_word' id='word_1_288' title='bbox 770 2676 843 2719; x_wconf 80' lang='lat' dir='ltr'><strong>retur</strong></span> <span class='ocrx_word' id='word_1_289' title='bbox 852 2684 901 2733; x_wconf 89' lang='lat' dir='ltr'><strong>per</strong></span> <span class='ocrx_word' id='word_1_290' title='bbox 917 2669 1057 2721; x_wconf 84' lang='lat' dir='ltr'><strong>Herculem</strong></span> <span class='ocrx_word' id='word_1_291' title='bbox 1075 2671 1190 2729; x_wconf 87' lang='lat' dir='ltr'><strong>nondum</strong></span> <span class='ocrx_word' id='word_1_292' title='bbox 1205 2681 1304 2740; x_wconf 82' lang='lat' dir='ltr'><strong>notum,</strong></span> 
     </span>
     <span class='ocr_line' id='line_1_32' title="bbox 200 2746 1305 2815; baseline 0.002 -16"><span class='ocrx_word' id='word_1_293' title='bbox 200 2748 418 2799; x_wconf 69' lang='lat' dir='ltr'><strong>vindinensione</strong></span> <span class='ocrx_word' id='word_1_294' title='bbox 429 2748 535 2797; x_wconf 84' lang='lat' dir='ltr'><strong>Bucchii</strong></span> <span class='ocrx_word' id='word_1_295' title='bbox 544 2748 680 2812; x_wconf 86' lang='lat' dir='ltr'><strong>legendnm</strong></span> <span class='ocrx_word' id='word_1_296' title='bbox 691 2749 735 2813; x_wconf 90' lang='lat' dir='ltr'><strong>sit,</strong></span> <span class='ocrx_word' id='word_1_297' title='bbox 770 2746 816 2796; x_wconf 80' lang='lat' dir='ltr'><strong>sed</strong></span> <span class='ocrx_word' id='word_1_298' title='bbox 828 2761 860 2796; x_wconf 90' lang='lat' dir='ltr'><strong>oe</strong></span> <span class='ocrx_word' id='word_1_299' title='bbox 872 2754 1026 2812; x_wconf 81' lang='lat' dir='ltr'><strong>conceptum</strong></span> <span class='ocrx_word' id='word_1_300' title='bbox 1036 2748 1148 2813; x_wconf 79' lang='lat' dir='ltr'><strong>quidem.</strong></span> <span class='ocrx_word' id='word_1_301' title='bbox 1165 2747 1218 2798; x_wconf 86' lang='lat' dir='ltr'><strong>Adi</strong></span> <span class='ocrx_word' id='word_1_302' title='bbox 1225 2749 1305 2815; x_wconf 81' lang='lat' dir='ltr'><strong>Agel-</strong></span> 
     </span>
     <span class='ocr_line' id='line_1_33' title="bbox 200 2822 1306 2891; baseline 0.002 -16"><span class='ocrx_word' id='word_1_303' title='bbox 200 2837 253 2875; x_wconf 75' lang='lat' dir='ltr'><strong>nen</strong></span> <span class='ocrx_word' id='word_1_304' title='bbox 283 2823 498 2875; x_wconf 67' lang='lat' dir='ltr'><strong>contemnendum</strong></span> <span class='ocrx_word' id='word_1_305' title='bbox 519 2823 580 2873; x_wconf 86' lang='lat' dir='ltr'><strong>milri</strong></span> <span class='ocrx_word' id='word_1_306' title='bbox 609 2824 734 2873; x_wconf 74' lang='lat' dir='ltr'><strong>rationem</strong></span> <span class='ocrx_word' id='word_1_307' title='bbox 769 2822 832 2873; x_wconf 88' lang='lat' dir='ltr'><strong>lium</strong></span> <span class='ocrx_word' id='word_1_308' title='bbox 852 2837 880 2873; x_wconf 84' lang='lat' dir='ltr'><strong>x.</strong></span> <span class='ocrx_word' id='word_1_309' title='bbox 905 2829 943 2874; x_wconf 84' lang='lat' dir='ltr'><strong>lo.</strong></span> <span class='ocrx_word' id='word_1_310' title='bbox 976 2825 1139 2890; x_wconf 80' lang='lat' dir='ltr'><strong>Erythreum</strong></span> <span class='ocrx_word' id='word_1_311' title='bbox 1162 2823 1188 2873; x_wconf 91' lang='lat' dir='ltr'><strong>in</strong></span> <span class='ocrx_word' id='word_1_312' title='bbox 1209 2824 1306 2891; x_wconf 85' lang='lat' dir='ltr'><strong>indice,</strong></span> 
     </span>
     <span class='ocr_line' id='line_1_34' title="bbox 201 2899 1303 2964; baseline 0.001 -12"><span class='ocrx_word' id='word_1_313' title='bbox 201 2900 550 2952; x_wconf 79' lang='lat' dir='ltr'><strong>ssrslosviderursttulisse.</strong></span> <span class='ocrx_word' id='word_1_314' title='bbox 584 2901 733 2964; x_wconf 81' lang='lat' dir='ltr'><strong>Nnmqnod</strong></span> <span class='ocrx_word' id='word_1_315' title='bbox 769 2901 888 2951; x_wconf 85' lang='lat' dir='ltr'><strong>Delriom</strong></span> <span class='ocrx_word' id='word_1_316' title='bbox 906 2900 933 2948; x_wconf 91' lang='lat' dir='ltr'><strong>in</strong></span> <span class='ocrx_word' id='word_1_317' title='bbox 955 2901 1061 2950; x_wconf 80' lang='lat' dir='ltr'><strong>Seneoae</strong></span> <span class='ocrx_word' id='word_1_318' title='bbox 1085 2899 1216 2951; x_wconf 75' lang='lat' dir='ltr'><strong>Medeam.</strong></span> <span class='ocrx_word' id='word_1_319' title='bbox 1252 2899 1303 2953; x_wconf 79' lang='lat' dir='ltr'><strong>sed</strong></span> 
     </span>
     <span class='ocr_line' id='line_1_35' title="bbox 201 2971 1305 3042; baseline 0 -16"><span class='ocrx_word' id='word_1_320' title='bbox 201 2975 271 3041; x_wconf 76' lang='lat' dir='ltr'><strong>epod</strong></span> <span class='ocrx_word' id='word_1_321' title='bbox 286 2977 439 3040; x_wconf 84' lang='lat' dir='ltr'><strong>Dionysium</strong></span> <span class='ocrx_word' id='word_1_322' title='bbox 457 2976 734 3025; x_wconf 80' lang='lat' dir='ltr'><strong>Helicsrnrssaetunle-</strong></span> <span class='ocrx_word' id='word_1_323' title='bbox 770 2971 915 3024; x_wconf 81' lang='lat' dir='ltr'><strong>curlitors?</strong></span> <span class='ocrx_word' id='word_1_324' title='bbox 942 2975 1031 3024; x_wconf 80' lang='lat' dir='ltr'><strong>Posuit</strong></span> <span class='ocrx_word' id='word_1_325' title='bbox 1051 2974 1171 3042; x_wconf 79' lang='lat' dir='ltr'><strong>figurste,</strong></span> <span class='ocrx_word' id='word_1_326' title='bbox 1189 2975 1233 3025; x_wconf 81' lang='lat' dir='ltr'><strong>vel</strong></span> <span class='ocrx_word' id='word_1_327' title='bbox 1254 2992 1305 3041; x_wconf 89' lang='lat' dir='ltr'><strong>pro</strong></span> 
     </span>
     <span class='ocr_line' id='line_1_36' title="bbox 202 3051 1304 3118; baseline 0.002 -16"><span class='ocrx_word' id='word_1_328' title='bbox 202 3066 291 3118; x_wconf 84' lang='lat' dir='ltr'><strong>grurus</strong></span> <span class='ocrx_word' id='word_1_329' title='bbox 309 3054 417 3117; x_wconf 85' lang='lat' dir='ltr'><strong>populos</strong></span> <span class='ocrx_word' id='word_1_330' title='bbox 437 3051 484 3100; x_wconf 85' lang='lat' dir='ltr'><strong>tris</strong></span> <span class='ocrx_word' id='word_1_331' title='bbox 500 3051 660 3113; x_wconf 62' lang='lat' dir='ltr'><strong>brisim,</strong></span> <span class='ocrx_word' id='word_1_332' title='bbox 670 3051 733 3099; x_wconf 65' lang='lat' dir='ltr'><strong>loe</strong></span> <span class='ocrx_word' id='word_1_333' title='bbox 770 3053 890 3101; x_wconf 88' lang='lat' dir='ltr'><strong>universo</strong></span> <span class='ocrx_word' id='word_1_334' title='bbox 902 3059 989 3101; x_wconf 86' lang='lat' dir='ltr'><strong>trnctu</strong></span> <span class='ocrx_word' id='word_1_335' title='bbox 1000 3053 1127 3102; x_wconf 73' lang='lat' dir='ltr'><strong>Lavinio:</strong></span> <span class='ocrx_word' id='word_1_336' title='bbox 1146 3054 1186 3103; x_wconf 80' lang='lat' dir='ltr'><strong>uel</strong></span> <span class='ocrx_word' id='word_1_337' title='bbox 1198 3054 1304 3118; x_wconf 89' lang='lat' dir='ltr'><strong>proprie</strong></span> 
     </span>
     <span class='ocr_line' id='line_1_37' title="bbox 199 3127 1304 3192; baseline 0.005 -15"><span class='ocrx_word' id='word_1_338' title='bbox 199 3132 288 3191; x_wconf 76' lang='lat' dir='ltr'><strong>rentes,</strong></span> <span class='ocrx_word' id='word_1_339' title='bbox 307 3134 331 3177; x_wconf 83' lang='lat' dir='ltr'><strong>st</strong></span> <span class='ocrx_word' id='word_1_340' title='bbox 351 3127 498 3189; x_wconf 59' lang='lat' dir='ltr'><strong>minutus,</strong></span> <span class='ocrx_word' id='word_1_341' title='bbox 517 3141 677 3191; x_wconf 75' lang='lat' dir='ltr'><strong>nequaquem</strong></span> <span class='ocrx_word' id='word_1_342' title='bbox 694 3141 733 3177; x_wconf 90' lang='lat' dir='ltr'><strong>os·</strong></span> <span class='ocrx_word' id='word_1_343' title='bbox 770 3130 869 3192; x_wconf 78' lang='lat' dir='ltr'><strong>scripu,</strong></span> <span class='ocrx_word' id='word_1_344' title='bbox 886 3128 990 3180; x_wconf 83' lang='lat' dir='ltr'><strong>dicente</strong></span> <span class='ocrx_word' id='word_1_345' title='bbox 1008 3130 1087 3180; x_wconf 77' lang='lat' dir='ltr'><strong>Fabio</strong></span> <span class='ocrx_word' id='word_1_346' title='bbox 1107 3131 1221 3181; x_wconf 79' lang='lat' dir='ltr'><strong>Maximo</strong></span> <span class='ocrx_word' id='word_1_347' title='bbox 1233 3131 1304 3183; x_wconf 82' lang='lat' dir='ltr'><strong>Ano.</strong></span> 
     </span>
     <span class='ocr_line' id='line_1_38' title="bbox 201 3203 1304 3274; baseline 0.002 -19"><span class='ocrx_word' id='word_1_348' title='bbox 201 3203 285 3256; x_wconf 90' lang='lat' dir='ltr'><strong>tendit</strong></span> <span class='ocrx_word' id='word_1_349' title='bbox 301 3204 437 3267; x_wconf 86' lang='lat' dir='ltr'><strong>Virgilium</strong></span> <span class='ocrx_word' id='word_1_350' title='bbox 455 3203 733 3264; x_wconf 57' lang='lat' dir='ltr'><strong>hunimundum</strong></span> <span class='ocrx_word' id='word_1_351' title='bbox 770 3205 1099 3269; x_wconf 81' lang='lat' dir='ltr'><strong>1.(citnt8ervius)‘tusn</strong></span> <span class='ocrx_word' id='word_1_352' title='bbox 1119 3206 1212 3256; x_wconf 82' lang='lat' dir='ltr'><strong>AEnens</strong></span> <span class='ocrx_word' id='word_1_353' title='bbox 1233 3223 1304 3274; x_wconf 70' lang='lat' dir='ltr'><strong>egre</strong></span> 
     </span>
     <span class='ocr_line' id='line_1_39' title="bbox 201 3279 1304 3348; baseline 0 -16"><span class='ocrx_word' id='word_1_354' title='bbox 201 3280 313 3333; x_wconf 83' lang='lat' dir='ltr'><strong>furmure</strong></span> <span class='ocrx_word' id='word_1_355' title='bbox 331 3281 460 3330; x_wconf 81' lang='lat' dir='ltr'><strong>debuisse.</strong></span> <span class='ocrx_word' id='word_1_356' title='bbox 485 3280 625 3329; x_wconf 88' lang='lat' dir='ltr'><strong>Nouenim</strong></span> <span class='ocrx_word' id='word_1_357' title='bbox 636 3279 734 3347; x_wconf 79' lang='lat' dir='ltr'><strong>Greci·</strong></span> <span class='ocrx_word' id='word_1_358' title='bbox 770 3283 919 3346; x_wconf 79' lang='lat' dir='ltr'><strong>potiebatur</strong></span> <span class='ocrx_word' id='word_1_359' title='bbox 936 3283 963 3331; x_wconf 90' lang='lat' dir='ltr'><strong>in</strong></span> <span class='ocrx_word' id='word_1_360' title='bbox 982 3296 1041 3332; x_wconf 86' lang='lat' dir='ltr'><strong>eum</strong></span> <span class='ocrx_word' id='word_1_361' title='bbox 1058 3281 1191 3332; x_wconf 82' lang='lat' dir='ltr'><strong>devenisse</strong></span> <span class='ocrx_word' id='word_1_362' title='bbox 1212 3297 1304 3348; x_wconf 79' lang='lat' dir='ltr'><strong>agrum</strong></span> 
     </span>
     <span class='ocr_line' id='line_1_40' title="bbox 201 3358 1306 3425; baseline 0.005 -19"><span class='ocrx_word' id='word_1_363' title='bbox 201 3358 264 3414; x_wconf 81' lang='lat' dir='ltr'><strong>tntis</strong></span> <span class='ocrx_word' id='word_1_364' title='bbox 283 3372 330 3407; x_wconf 89' lang='lat' dir='ltr'><strong>usu</strong></span> <span class='ocrx_word' id='word_1_365' title='bbox 348 3363 501 3420; x_wconf 84' lang='lat' dir='ltr'><strong>nostrornm,</strong></span> <span class='ocrx_word' id='word_1_366' title='bbox 523 3371 580 3421; x_wconf 81' lang='lat' dir='ltr'><strong>quoe</strong></span> <span class='ocrx_word' id='word_1_367' title='bbox 599 3369 656 3405; x_wconf 87' lang='lat' dir='ltr'><strong>esse</strong></span> <span class='ocrx_word' id='word_1_368' title='bbox 675 3370 733 3404; x_wconf 88' lang='lat' dir='ltr'><strong>curn</strong></span> <span class='ocrx_word' id='word_1_369' title='bbox 770 3360 949 3409; x_wconf 76' lang='lat' dir='ltr'><strong>sincerrimum</strong></span> <span class='ocrx_word' id='word_1_370' title='bbox 963 3359 1235 3425; x_wconf 68' lang='lat' dir='ltr'><strong>litorosissimumqne!</strong></span> <span class='ocrx_word' id='word_1_371' title='bbox 1260 3361 1306 3411; x_wconf 80' lang='lat' dir='ltr'><strong>Its</strong></span> 
     </span>
     <span class='ocr_line' id='line_1_41' title="bbox 201 3432 1304 3498; baseline 0.003 -14"><span class='ocrx_word' id='word_1_372' title='bbox 201 3433 297 3491; x_wconf 79' lang='lat' dir='ltr'><strong>decoro</strong></span> <span class='ocrx_word' id='word_1_373' title='bbox 324 3440 421 3496; x_wconf 90' lang='lat' dir='ltr'><strong>potest,</strong></span> <span class='ocrx_word' id='word_1_374' title='bbox 439 3433 546 3482; x_wconf 82' lang='lat' dir='ltr'><strong>licentis</strong></span> <span class='ocrx_word' id='word_1_375' title='bbox 573 3439 732 3482; x_wconf 78' lang='lat' dir='ltr'><strong>coarctatur.</strong></span> <span class='ocrx_word' id='word_1_376' title='bbox 771 3434 814 3483; x_wconf 82' lang='lat' dir='ltr'><strong>olii</strong></span> <span class='ocrx_word' id='word_1_377' title='bbox 824 3432 930 3483; x_wconf 87' lang='lat' dir='ltr'><strong>defendi</strong></span> <span class='ocrx_word' id='word_1_378' title='bbox 940 3442 1055 3498; x_wconf 89' lang='lat' dir='ltr'><strong>possunt.</strong></span> <span class='ocrx_word' id='word_1_379' title='bbox 1072 3435 1128 3498; x_wconf 79' lang='lat' dir='ltr'><strong>Ego</strong></span> <span class='ocrx_word' id='word_1_380' title='bbox 1141 3434 1217 3484; x_wconf 76' lang='lat' dir='ltr'><strong>aliter</strong></span> <span class='ocrx_word' id='word_1_381' title='bbox 1226 3444 1304 3498; x_wconf 79' lang='lat' dir='ltr'><strong>puto.</strong></span> 
     </span>
     <span class='ocr_line' id='line_1_42' title="bbox 200 3500 1304 3573; baseline 0.004 -14"><span class='ocrx_word' id='word_1_382' title='bbox 200 3508 353 3571; x_wconf 80' lang='lat' dir='ltr'><strong>Quidrero,</strong></span> <span class='ocrx_word' id='word_1_383' title='bbox 370 3507 440 3573; x_wconf 89' lang='lat' dir='ltr'><strong>quod</strong></span> <span class='ocrx_word' id='word_1_384' title='bbox 459 3507 528 3571; x_wconf 86' lang='lat' dir='ltr'><strong>opud</strong></span> <span class='ocrx_word' id='word_1_385' title='bbox 544 3508 605 3558; x_wconf 82' lang='lat' dir='ltr'><strong>Sex.</strong></span> <span class='ocrx_word' id='word_1_386' title='bbox 623 3507 734 3571; x_wconf 88' lang='lat' dir='ltr'><strong>Proper·</strong></span> <span class='ocrx_word' id='word_1_387' title='bbox 769 3510 849 3560; x_wconf 78' lang='lat' dir='ltr'><strong>Amet</strong></span> <span class='ocrx_word' id='word_1_388' title='bbox 866 3509 951 3559; x_wconf 72' lang='lat' dir='ltr'><strong>Poitn</strong></span> <span class='ocrx_word' id='word_1_389' title='bbox 967 3500 1156 3560; x_wconf 75' lang='lat' dir='ltr'><strong>consonantium</strong></span> <span class='ocrx_word' id='word_1_390' title='bbox 1179 3510 1205 3560; x_wconf 91' lang='lat' dir='ltr'><strong>io</strong></span> <span class='ocrx_word' id='word_1_391' title='bbox 1225 3513 1304 3563; x_wconf 84' lang='lat' dir='ltr'><strong>rebus</strong></span> 
     </span>
     <span class='ocr_line' id='line_1_43' title="bbox 200 3583 1305 3653; baseline 0.006 -21"><span class='ocrx_word' id='word_1_392' title='bbox 200 3585 274 3649; x_wconf 80' lang='lat' dir='ltr'><strong>tium,</strong></span> <span class='ocrx_word' id='word_1_393' title='bbox 287 3585 394 3646; x_wconf 73' lang='lat' dir='ltr'><strong>lnoins&#39;s,</strong></span> <span class='ocrx_word' id='word_1_394' title='bbox 404 3584 559 3633; x_wconf 83' lang='lat' dir='ltr'><strong>dimensione</strong></span> <span class='ocrx_word' id='word_1_395' title='bbox 569 3583 675 3632; x_wconf 85' lang='lat' dir='ltr'><strong>Molossi</strong></span> <span class='ocrx_word' id='word_1_396' title='bbox 688 3598 732 3647; x_wconf 76' lang='lat' dir='ltr'><strong>po</strong></span> <span class='ocrx_word' id='word_1_397' title='bbox 770 3586 869 3647; x_wconf 84' lang='lat' dir='ltr'><strong>miram,</strong></span> <span class='ocrx_word' id='word_1_398' title='bbox 877 3593 904 3635; x_wconf 91' lang='lat' dir='ltr'><strong>et</strong></span> <span class='ocrx_word' id='word_1_399' title='bbox 913 3585 1085 3636; x_wconf 81' lang='lat' dir='ltr'><strong>artificiosum.</strong></span> <span class='ocrx_word' id='word_1_400' title='bbox 1102 3588 1181 3650; x_wconf 84' lang='lat' dir='ltr'><strong>Ergo,</strong></span> <span class='ocrx_word' id='word_1_401' title='bbox 1193 3587 1237 3653; x_wconf 90' lang='lat' dir='ltr'><strong>qui</strong></span> <span class='ocrx_word' id='word_1_402' title='bbox 1248 3589 1305 3639; x_wconf 81' lang='lat' dir='ltr'><strong>dix·</strong></span> 
     </span>
     <span class='ocr_line' id='line_1_44' title="bbox 199 3658 1305 3729; baseline 0.005 -18"><span class='ocrx_word' id='word_1_403' title='bbox 199 3659 278 3711; x_wconf 82' lang='lat' dir='ltr'><strong>situm</strong></span> <span class='ocrx_word' id='word_1_404' title='bbox 290 3659 412 3720; x_wconf 83' lang='lat' dir='ltr'><strong>videmus,</strong></span> <span class='ocrx_word' id='word_1_405' title='bbox 426 3673 458 3708; x_wconf 93' lang='lat' dir='ltr'><strong>eo</strong></span> <span class='ocrx_word' id='word_1_406' title='bbox 475 3673 559 3721; x_wconf 86' lang='lat' dir='ltr'><strong>versu,</strong></span> <span class='ocrx_word' id='word_1_407' title='bbox 583 3658 732 3722; x_wconf 80' lang='lat' dir='ltr'><strong>‘lectuque</strong></span> <span class='ocrx_word' id='word_1_408' title='bbox 769 3663 939 3711; x_wconf 82' lang='lat' dir='ltr'><strong>erntAEnenm</strong></span> <span class='ocrx_word' id='word_1_409' title='bbox 949 3662 1096 3711; x_wconf 83' lang='lat' dir='ltr'><strong>discessisse</strong></span> <span class='ocrx_word' id='word_1_410' title='bbox 1104 3663 1136 3711; x_wconf 84' lang='lat' dir='ltr'><strong>nb</strong></span> <span class='ocrx_word' id='word_1_411' title='bbox 1146 3664 1199 3712; x_wconf 91' lang='lat' dir='ltr'><strong>oris</strong></span> <span class='ocrx_word' id='word_1_412' title='bbox 1207 3664 1305 3729; x_wconf 75' lang='lat' dir='ltr'><strong>Troje,</strong></span> 
     </span>
    </p>
   </div>
   <div class='ocr_carea' id='block_1_3' title="bbox 102 3731 1305 3806">
    <p class='ocr_par' dir='ltr' id='par_1_4' title="bbox 102 3731 1305 3806">
     <span class='ocr_line' id='line_1_45' title="bbox 102 3731 1305 3806; baseline 0.005 -20"><span class='ocrx_word' id='word_1_413' title='bbox 102 3774 105 3779; x_wconf 85' lang='lat'><em>.</em></span> <span class='ocrx_word' id='word_1_414' title='bbox 201 3735 304 3788; x_wconf 67' lang='lat' dir='ltr'><strong>[avinis</strong></span> <span class='ocrx_word' id='word_1_415' title='bbox 323 3735 418 3784; x_wconf 75' lang='lat' dir='ltr'><strong>moenis</strong></span> <span class='ocrx_word' id='word_1_416' title='bbox 437 3733 555 3783; x_wconf 90' lang='lat' dir='ltr'><strong>litoribus</strong></span> <span class='ocrx_word' id='word_1_417' title='bbox 563 3731 577 3782; x_wconf 85' lang='lat'><strong>:&#39;</strong></span> <span class='ocrx_word' id='word_1_418' title='bbox 605 3733 654 3782; x_wconf 89' lang='lat' dir='ltr'><strong>nisi</strong></span> <span class='ocrx_word' id='word_1_419' title='bbox 676 3735 733 3797; x_wconf 84' lang='lat' dir='ltr'><strong>quis</strong></span> <span class='ocrx_word' id='word_1_420' title='bbox 769 3737 852 3800; x_wconf 73' lang='lat' dir='ltr'><strong>rodit,</strong></span> <span class='ocrx_word' id='word_1_421' title='bbox 868 3737 967 3786; x_wconf 82' lang='lat' dir='ltr'><strong>venisse</strong></span> <span class='ocrx_word' id='word_1_422' title='bbox 983 3738 1222 3802; x_wconf 81' lang='lat' dir='ltr'><strong>odLuvinelitors,</strong></span> <span class='ocrx_word' id='word_1_423' title='bbox 1232 3756 1305 3806; x_wconf 84' lang='lat' dir='ltr'><strong>qute-</strong></span> 
     </span>
    </p>
   </div>
   <div class='ocr_carea' id='block_1_4' title="bbox 156 3809 1305 4256">
    <p class='ocr_par' dir='ltr' id='par_1_5' title="bbox 198 3809 1305 3950">
     <span class='ocr_line' id='line_1_46' title="bbox 199 3809 1305 3878; baseline 0.007 -16"><span class='ocrx_word' id='word_1_424' title='bbox 199 3810 297 3862; x_wconf 78' lang='lat' dir='ltr'><strong>t&#39;sctom</strong></span> <span class='ocrx_word' id='word_1_425' title='bbox 314 3811 351 3860; x_wconf 86' lang='lat' dir='ltr'><strong>ibi</strong></span> <span class='ocrx_word' id='word_1_426' title='bbox 363 3811 501 3874; x_wconf 68' lang='lat' dir='ltr'><strong>synaeresin</strong></span> <span class='ocrx_word' id='word_1_427' title='bbox 519 3809 599 3873; x_wconf 85' lang='lat' dir='ltr'><strong>dicat,</strong></span> <span class='ocrx_word' id='word_1_428' title='bbox 610 3810 732 3875; x_wconf 23' lang='lat' dir='ltr'><strong>eriliseoih</strong></span> <span class='ocrx_word' id='word_1_429' title='bbox 769 3815 820 3864; x_wconf 83' lang='lat' dir='ltr'><strong>sits</strong></span> <span class='ocrx_word' id='word_1_430' title='bbox 837 3813 998 3878; x_wconf 82' lang='lat' dir='ltr'><strong>oppositione</strong></span> <span class='ocrx_word' id='word_1_431' title='bbox 1008 3812 1144 3864; x_wconf 86' lang='lat' dir='ltr'><strong>verborum</strong></span> <span class='ocrx_word' id='word_1_432' title='bbox 1163 3815 1232 3867; x_wconf 85' lang='lat' dir='ltr'><strong>inter</strong></span> <span class='ocrx_word' id='word_1_433' title='bbox 1249 3833 1305 3870; x_wconf 80' lang='lat' dir='ltr'><strong>oros</strong></span> 
     </span>
     <span class='ocr_line' id='line_1_47' title="bbox 198 3884 1006 3950; baseline 0.002 -14"><span class='ocrx_word' id='word_1_434' title='bbox 198 3887 252 3937; x_wconf 83' lang='lat' dir='ltr'><strong>sris.-</strong></span> <span class='ocrx_word' id='word_1_435' title='bbox 280 3887 391 3950; x_wconf 83' lang='lat' dir='ltr'><strong>quodie</strong></span> <span class='ocrx_word' id='word_1_436' title='bbox 408 3887 500 3935; x_wconf 71' lang='lat' dir='ltr'><strong>lorino</strong></span> <span class='ocrx_word' id='word_1_437' title='bbox 516 3887 620 3935; x_wconf 81' lang='lat' dir='ltr'><strong>ulterius</strong></span> <span class='ocrx_word' id='word_1_438' title='bbox 641 3884 732 3935; x_wconf 76' lang='lat' dir='ltr'><strong>forme</strong></span> <span class='ocrx_word' id='word_1_439' title='bbox 769 3889 885 3938; x_wconf 83' lang='lat' dir='ltr'><strong>etlitoro.</strong></span> <span class='ocrx_word' id='word_1_440' title='bbox 912 3887 1006 3938; x_wconf 80' lang='lat' dir='ltr'><strong>Cerdo.</strong></span> 
     </span>
    </p>

    <p class='ocr_par' dir='ltr' id='par_1_6' title="bbox 156 3962 1305 4256">
     <span class='ocr_line' id='line_1_48' title="bbox 200 3962 1304 4032; baseline 0.008 -22"><span class='ocrx_word' id='word_1_441' title='bbox 200 3976 263 4026; x_wconf 81' lang='lat' dir='ltr'><strong>csso</strong></span> <span class='ocrx_word' id='word_1_442' title='bbox 270 3962 327 4011; x_wconf 82' lang='lat' dir='ltr'><strong>tieri</strong></span> <span class='ocrx_word' id='word_1_443' title='bbox 334 3977 384 4011; x_wconf 87' lang='lat' dir='ltr'><strong>non</strong></span> <span class='ocrx_word' id='word_1_444' title='bbox 391 3965 483 4025; x_wconf 86' lang='lat' dir='ltr'><strong>possit:</strong></span> <span class='ocrx_word' id='word_1_445' title='bbox 496 3964 517 4010; x_wconf 90' lang='lat' dir='ltr'><strong>si</strong></span> <span class='ocrx_word' id='word_1_446' title='bbox 524 3964 622 4012; x_wconf 85' lang='lat' dir='ltr'><strong>vetusti</strong></span> <span class='ocrx_word' id='word_1_447' title='bbox 629 3962 732 4012; x_wconf 84' lang='lat' dir='ltr'><strong>codices</strong></span> <span class='ocrx_word' id='word_1_448' title='bbox 805 3964 887 4028; x_wconf 81' lang='lat' dir='ltr'><strong>Venit]</strong></span> <span class='ocrx_word' id='word_1_449' title='bbox 898 3964 1013 4013; x_wconf 79' lang='lat' dir='ltr'><strong>Priscian</strong></span> <span class='ocrx_word' id='word_1_450' title='bbox 1022 3965 1040 4014; x_wconf 92' lang='grc'><strong>1.</strong></span> <span class='ocrx_word' id='word_1_451' title='bbox 1049 3977 1112 4014; x_wconf 83' lang='lat' dir='ltr'><strong>virt.</strong></span> <span class='ocrx_word' id='word_1_452' title='bbox 1122 3965 1256 4032; x_wconf 72' lang='lat' dir='ltr'><strong>Virgilius,</strong></span> <span class='ocrx_word' id='word_1_453' title='bbox 1266 3968 1304 4019; x_wconf 88' lang='lat' dir='ltr'><strong>in·</strong></span> 
     </span>
     <span class='ocr_line' id='line_1_49' title="bbox 200 4037 1304 4109; baseline 0.004 -19"><span class='ocrx_word' id='word_1_454' title='bbox 200 4039 396 4103; x_wconf 65' lang='lat' dir='ltr'><strong>ambiguitatem</strong></span> <span class='ocrx_word' id='word_1_455' title='bbox 409 4040 490 4102; x_wconf 78' lang='lat' dir='ltr'><strong>ipsein</strong></span> <span class='ocrx_word' id='word_1_456' title='bbox 501 4037 601 4088; x_wconf 79' lang='lat' dir='ltr'><strong>firmare</strong></span> <span class='ocrx_word' id='word_1_457' title='bbox 617 4047 733 4102; x_wconf 84' lang='lat' dir='ltr'><strong>possunt,</strong></span> <span class='ocrx_word' id='word_1_458' title='bbox 769 4039 834 4104; x_wconf 80' lang='lat' dir='ltr'><strong>quit,</strong></span> <span class='ocrx_word' id='word_1_459' title='bbox 843 4054 876 4088; x_wconf 84' lang='lat' dir='ltr'><strong>ex</strong></span> <span class='ocrx_word' id='word_1_460' title='bbox 886 4052 933 4089; x_wconf 82' lang='lat' dir='ltr'><strong>sus</strong></span> <span class='ocrx_word' id='word_1_461' title='bbox 943 4054 1053 4104; x_wconf 85' lang='lat' dir='ltr'><strong>persone</strong></span> <span class='ocrx_word' id='word_1_462' title='bbox 1062 4041 1108 4103; x_wconf 81' lang='lat' dir='ltr'><strong>nit,</strong></span> <span class='ocrx_word' id='word_1_463' title='bbox 1123 4041 1207 4092; x_wconf 76' lang='lat' dir='ltr'><strong>Venit:</strong></span> <span class='ocrx_word' id='word_1_464' title='bbox 1227 4044 1304 4109; x_wconf 81' lang='lat' dir='ltr'><strong>quip-</strong></span> 
     </span>
     <span class='ocr_line' id='line_1_50' title="bbox 199 4112 1305 4180; baseline -0.002 -15"><span class='ocrx_word' id='word_1_465' title='bbox 199 4115 298 4165; x_wconf 86' lang='lat' dir='ltr'><strong>nnllum</strong></span> <span class='ocrx_word' id='word_1_466' title='bbox 310 4129 359 4179; x_wconf 86' lang='lat' dir='ltr'><strong>ego</strong></span> <span class='ocrx_word' id='word_1_467' title='bbox 369 4128 453 4179; x_wconf 86' lang='lat' dir='ltr'><strong>neque</strong></span> <span class='ocrx_word' id='word_1_468' title='bbox 461 4114 487 4163; x_wconf 90' lang='lat' dir='ltr'><strong>io</strong></span> <span class='ocrx_word' id='word_1_469' title='bbox 497 4114 733 4164; x_wconf 80' lang='lat' dir='ltr'><strong>iotimnbibliotlre·</strong></span> <span class='ocrx_word' id='word_1_470' title='bbox 769 4127 803 4178; x_wconf 85' lang='lat' dir='ltr'><strong>pe</strong></span> <span class='ocrx_word' id='word_1_471' title='bbox 812 4112 877 4165; x_wconf 71' lang='lat' dir='ltr'><strong>osor</strong></span> <span class='ocrx_word' id='word_1_472' title='bbox 887 4114 999 4178; x_wconf 89' lang='lat' dir='ltr'><strong>positum</strong></span> <span class='ocrx_word' id='word_1_473' title='bbox 1010 4121 1060 4179; x_wconf 84' lang='lat' dir='ltr'><strong>est,</strong></span> <span class='ocrx_word' id='word_1_474' title='bbox 1068 4129 1116 4180; x_wconf 88' lang='lat' dir='ltr'><strong>pro</strong></span> <span class='ocrx_word' id='word_1_475' title='bbox 1127 4121 1232 4167; x_wconf 72' lang='lat' dir='ltr'><strong>mut.</strong></span> <span class='ocrx_word' id='word_1_476' title='bbox 1257 4119 1305 4170; x_wconf 88' lang='lat' dir='ltr'><strong>Iu.</strong></span> 
     </span>
     <span class='ocr_line' id='line_1_51' title="bbox 156 4183 1302 4256; baseline 0.003 -13"><span class='ocrx_word' id='word_1_477' title='bbox 156 4183 158 4186; x_wconf 59' lang='grc'>’</span> <span class='ocrx_word' id='word_1_478' title='bbox 201 4189 378 4255; x_wconf 79' lang='lat' dir='ltr'><strong>otvstiesos,</strong></span> <span class='ocrx_word' id='word_1_479' title='bbox 389 4203 472 4256; x_wconf 86' lang='lat' dir='ltr'><strong>neque</strong></span> <span class='ocrx_word' id='word_1_480' title='bbox 489 4188 516 4239; x_wconf 92' lang='lat' dir='ltr'><strong>in</strong></span> <span class='ocrx_word' id='word_1_481' title='bbox 531 4203 571 4255; x_wconf 84' lang='lat' dir='ltr'><strong>es,</strong></span> <span class='ocrx_word' id='word_1_482' title='bbox 582 4203 638 4255; x_wconf 76' lang='lat' dir='ltr'><strong>qne</strong></span> <span class='ocrx_word' id='word_1_483' title='bbox 653 4188 734 4240; x_wconf 88' lang='lat' dir='ltr'><strong>omni·</strong></span> <span class='ocrx_word' id='word_1_484' title='bbox 769 4187 941 4256; x_wconf 82' lang='lat' dir='ltr'><strong>telligitenlm</strong></span> <span class='ocrx_word' id='word_1_485' title='bbox 959 4189 1066 4255; x_wconf 74' lang='lat' dir='ltr'><strong>AEneorn</strong></span> <span class='ocrx_word' id='word_1_486' title='bbox 1084 4191 1167 4244; x_wconf 85' lang='lat' dir='ltr'><strong>multo</strong></span> <span class='ocrx_word' id='word_1_487' title='bbox 1184 4196 1302 4246; x_wconf 77' lang='lat' dir='ltr'><strong>entere-</strong></span> 
     </span>
    </p>
   </div>
   <div class='ocr_carea' id='block_1_5' title="bbox 0 0 1358 4694">
    <p class='ocr_par' dir='ltr' id='par_1_7' title="bbox 0 0 1358 4694">
     <span class='ocr_line' id='line_1_52' title="bbox 0 0 1358 4694; baseline 0 0"><span class='ocrx_word' id='word_1_488' title='bbox 0 0 1358 4694; x_wconf 95' lang='lat' dir='ltr'><strong> </strong></span> 
     </span>
    </p>
   </div>
  </div>
 </body>
</html>
