2708 4694
328 315 471 366 vincio.
516 318 655 367 numo.
679 315 720 367 ιι.
993 278 1080 373 2515

108 463 138 510 et
168 461 306 510 Fortunam
331 458 439 509 dicunt:
467 465 511 508 unt
581 462 630 509 ⁸28
646 458 753 522 Arduus]
796 459 929 512 incultus:
956 469 996 524 ut,
1014 456 1080 515 ι*1111

103 534 209 586 tondum
225 534 384 596 Sallustium,
399 534 512 597 ‘Arege
549 532 629 582 ardna
652 535 757 592 ceruix,'
780 541 809 583 et
829 534 888 585 ideo
913 537 1078 593 ‘Domissum

103 624 164 659 »rum
191 610 272 671 Mida,
303 610 346 674 qui
374 609 512 674 Phrygiam
550 610 612 672 lapsi
625 624 672 672 per
683 608 788 658 funem!
821 611 925 661 Servium

112 684 220 735 Senius.
583 686 672 735 Mediis
682 685 708 735 is
718 687 841 751 munibus]
860 688 911 737 Ubi
924 703 971 738 arx
983 687 1078 741 fuerat.

103 760 126 824 s]
148 761 241 825 Periit,
253 762 375 827 quicquid
386 761 454 825 opud
467 775 511 810 nos
550 759 627 809 Idem.
826 816 830 823 Α

103 841 201 888 matus.
580 836 696 900 tuum]
724 838 777 888 Pro
788 843 906 889 uomset
918 846 958 891 est
971 842 1078 891 Prothe-

103 915 209 976 ustura,
215 914 269 974 fuit
281 912 364 975 ibium]
386 914 468 962 Plane
479 929 512 962 ex
549 912 591 962 sis.
625 915 701 965 Idem.

103 1003 129 1039 ao
151 991 281 1053 Euripidis
304 991 329 1037 in
348 989 442 1038 Troud.
464 989 511 1039 sub
580 992 629 1036 ³29
646 989 736 1039 Fundit
745 995 826 1057 equus]
845 993 971 1043 Homerus
981 993 1078 1044 [πόθεν

103 1064 295 1116 Andromaches
312 1066 343 1114 ed
362 1066 510 1114 Hecubam:
549 1062 679 1124 ἐκχύμενοι.
713 1068 747 1116 Et
767 1067 799 1116 ad
820 1070 977 1119 voluntatem
997 1077 1025 1120 et
1045 1072 1078 1119 ud

103 1146 104 1155 ¹
121 1138 189 1200 iuer.
209 1139 289 1196 ‘Euda
308 1138 412 1196 bibaro
429 1138 511 1199 buflos,
549 1141 736 1191 multitudinem
748 1158 847 1201 sonora,
857 1146 928 1208 quasi
940 1146 1024 1195 adbuc
1036 1146 1080 1196 de·

103 1213 155 1264 uio.
191 1216 305 1265 Gerrscn.
549 1214 683 1266 scendunt.
719 1220 792 1267 Idem.

103 1293 223 1343 ubiuis:
233 1295 286 1355 fuit
310 1294 392 1357 Itium]
435 1294 510 1343 Unde
581 1290 683 1354 Fundit]
715 1295 909 1358 Namquumris
925 1295 980 1358 jum
1000 1295 1079 1346 fodis-

103 1369 158 1420 baec
180 1368 512 1434 sormu12‚djgputatpoti.
548 1370 596 1423 set,
618 1372 703 1415 tumen
726 1382 758 1416 ex
780 1372 974 1431 perturbatione
995 1373 1081 1437 animi,

103 1445 169 1495 usit.
187 1459 244 1508 cop.
257 1449 298 1494 88.
331 1445 445 1493 Verbum
458 1444 511 1504 suit
548 1439 631 1487 adbuc
651 1454 743 1504 equum
762 1442 870 1493 fundere
883 1453 995 1495 armatos
1007 1455 1079 1511 puta·

103 1535 120 1569 o
141 1520 251 1584 oppidio,
274 1536 332 1584 qum
354 1536 409 1570 esse
430 1522 511 1570 desie·
550 1513 603 1563 bui·
637 1516 756 1566 Donatus·

103 1604 145 1647 net
162 1598 266 1646 Salmas.
283 1596 351 1646 Plio.
363 1597 471 1646 exercit.
483 1613 510 1660 p.
582 1588 672 1638 Fundit
680 1591 761 1653 quus]
794 1592 837 1642 Itu
849 1594 996 1658 Petronius,
1010 1597 1081 1646 ‘Du-

103 1672 283 1734 iproverbium
295 1671 328 1720 ab
339 1671 511 1720 omnibnsde.
548 1665 590 1714 nai
612 1667 729 1717 relaxant
750 1670 872 1733 claustra,
894 1679 922 1721 et
941 1672 1078 1725 effundunt

103 1760 113 1795 ι
139 1745 232 1809 passim
266 1746 367 1795 Graecis
397 1748 511 1812 Tngicis
550 1742 635 1790 viros:
670 1743 756 1792 cndu.

103 1839 137 1872 ss.
179 1822 257 1872 Ouid.
274 1824 356 1885 Epist.
369 1825 478 1873 Heroid.
490 1841 510 1874 ι,
585 1818 677 1881 Victor]
693 1819 824 1883 Propositi
833 1819 956 1873 effector:
969 1831 1006 1885 ut,
1017 1825 1081 1875 ‘Ru-

103 1911 156 1963 »με
165 1904 214 1957 est,
223 1897 267 1945 ubi
277 1898 353 1961 'froja
362 1897 428 1947 fnit)
445 1901 511 1950 Met,
549 1892 675 1956 pidnsqne
687 1894 751 1942 rotis
763 1895 881 1945 insistere
894 1897 995 1947 victor:
1011 1899 1082 1950 Seru.

103 1974 205 2031 mist,
216 1973 260 2022 ubi
272 1974 349 2037 Trojo
360 1974 512 2040 fnit‚Pl11·5.
581 1969 680 2033 Miscet]
711 1969 819 2019 Scilicet
830 1971 953 2021 cudibus.
987 1975 1061 2027 idem.
1089 1982 1093 1988 ’

103 2048 278 2099 uuriateiius!
312 2050 510 2115 Properteleg,
581 2049 629 2093 ³³⁰
647 2046 776 2111 imbuas]
802 2048 861 2097 Non
873 2048 937 2099 dicit
948 2050 1081 2103 iiiisGroe·

103 2124 172 2187 {ugni
192 2139 261 2188 saepe
278 2125 460 2188 duces‚magni
472 2143 512 2176 ce.
549 2134 593 2168 cos
612 2120 743 2182 insultare,
760 2122 805 2172 sed
825 2125 954 2189 Sinonem,
970 2128 1014 2190 qui
1030 2128 1080 2180 iliis

103 2200 197 2260 innui,
209 2201 242 2249 Et
261 2200 356 2249 'ibeboe
374 2207 512 2264 steterumt,
549 2209 635 2246 muros
647 2196 808 2260 patefecerat
820 2198 903 2249 dolis:
921 2208 951 2251 et
965 2202 1081 2254 insultare

103 2274 251 2340 nojaturt:
286 2276 392 2326 Emmeu.
549 2273 626 2321 estio
646 2273 755 2322 alienum
769 2275 883 2325 dotorem
896 2278 1022 2342 gandere;
1039 2295 1081 2329 eu-

129 2351 215 2400 Giorio
236 2352 387 2416 Teucrorum]
419 2352 513 2414 Periit,
549 2349 626 2397 nitore
634 2363 695 2398 vero
707 2350 827 2413 goudero.
861 2351 965 2405 Seruius.

103 2426 188 2490 iapnd
201 2441 247 2474 nos
257 2425 352 2476 floruit.
384 2428 501 2476 Donatus.
581 2422 712 2486 iruuitour]
731 2422 823 2473 Refert
843 2427 956 2489 gratian
975 2430 1081 2479 uomin-

103 2504 156 2551 ’σαι
177 2500 301 2562 Juppiter]
334 2503 444 2550 summac
469 2516 512 2550 ne·
549 2505 669 2546 torrento
681 2499 737 2560 ejus
748 2500 852 2561 Trojuui
870 2502 1005 2551 certabant
1024 2504 1080 2553 iiio·

103 2592 111 2627 ι
130 2582 180 2637 est,
197 2576 314 2640 quioniam
326 2592 384 2626 cum
396 2586 463 2627 essct
474 2593 512 2628 sa·
549 2574 611 2622 dere
623 2579 709 2637 capto·
743 2575 859 2625 Donutua.

103 2652 239 2705 uconuitiu
248 2655 299 2702 ruit
310 2653 430 2702 deorum:
443 2655 511 2718 quod
582 2649 714 2713 insutum]
731 2650 789 2699 Hoc
807 2650 886 2699 verbo
898 2652 1013 2714 signatur
1024 2654 1081 2704 bos·

103 2728 220 2792 iugibus,
241 2743 273 2776 ue
295 2743 407 2792 unquam
425 2729 512 2779 trudat
550 2726 595 2774 tile
607 2725 736 2788 gandium,
755 2734 783 2774 et
795 2735 922 2789 preterca
933 2726 1080 2793 ludibrium,

106 2800 212 2853 Seruius.
549 2816 599 2865 quo
608 2803 671 2851 victi
682 2808 709 2851 et
717 2804 838 2866 prostrati
847 2803 1002 2853 uiiicirmtor.
1021 2805 1080 2854 Flo-

131 2879 261 2930 Invidiose
273 2880 372 2929 dictum
382 2886 432 2940 est,
441 2886 469 2929 et
479 2882 511 2930 ud
549 2892 591 2926 rus
602 2876 635 2926 de
645 2878 730 2928 occiso
740 2878 770 2928 C.
782 2878 903 2928 Graccho
915 2892 959 2928 ιιι.
970 2884 1010 2930 15.
1028 2881 1081 2930 ‘in-

103 2955 236 3019 tpitireton.
265 2957 332 3005 Nam
344 2955 467 3019 anpiter
479 2971 511 3005 te-
548 2955 670 3003 suitutum
684 2968 785 3020 quoqne
794 2955 881 3004 mortis
893 2953 1024 3018 reliquiis!
1035 2955 1079 3006 Sic

107 3031 240 3092 omuibus;
252 3037 288 3092 nt,
304 3032 378 3079 ‘Rex
390 3031 512 3094 Juppiter
549 3044 586 3078 ru.
600 3035 638 3080 lu.
656 3030 689 3080 de
700 3030 864 3081 insultatione
876 3029 1042 3079 barbarorum
1053 3031 1079 3080 in

107 3106 195 3157 idem!
232 3107 299 3156 Hinc
312 3115 339 3156 et
352 3106 427 3169 panio
444 3113 511 3169 post,
549 3107 620 3157 raede
631 3107 750 3169 Variana,
766 3107 869 3159 Pbaedr.
884 3122 902 3157 ι.
921 3112 962 3157 22.
978 3106 1080 3159 ‘fortes

103 3199 130 3236 os
142 3185 167 3233 in
180 3184 303 3233 Dardano
314 3184 420 3232 suscitat
431 3198 510 3248 armo,
548 3183 650 3246 indigne
671 3184 718 3234 tnii
738 3184 861 3234 insuitnre
873 3184 951 3235 mibi.'
972 3185 1041 3236 Just.
1054 3201 1080 3236 v.

103 3259 137 3326 pni
145 3259 458 3323 aequniisessecunsnevit.
471 3259 509 3307 id.
548 3266 571 3309 b.
588 3261 643 3311 ‘At
659 3261 711 3311 dux
728 3262 987 3325 lacedemoniorum,
1002 3262 1080 3313 rebus

119 3334 188 3386 Num
200 3336 224 3383 iu
236 3335 348 3383 adversis
360 3335 436 3383 etiam
449 3334 510 3384 deos
548 3334 660 3388 feliciter
678 3339 767 3401 gestis,
787 3338 899 3389 fortnnae
917 3339 1027 3388 bostium
1044 3341 1081 3389 in-

103 3419 206 3463 rtnmns.
239 3413 322 3461 Ferus.
356 3412 511 3463 Qnioourni-
548 3414 646 3464 suitut.'
679 3416 822 3464 Eumenem.
878 3442 883 3451 ·

103 3489 192 3537 iraecos
206 3488 341 3550 traductis,
358 3488 421 3535 nibil
436 3487 511 3536 nobis
581 3488 749 3553 Bipoteutibuo
767 3489 864 3553 uiuus]
884 3488 951 3541 Quia
970 3488 1078 3552 geniiure

103 3564 160 3614 ecit.
193 3565 311 3612 Doutrtus.
548 3571 711 3630 snntportae.
743 3567 778 3615 Et
801 3564 904 3631 quidum
921 3564 1081 3629 bipatentibus

105 3638 248 3702 martit]
264 3639 343 3690 Quasi
361 3638 441 3702 dicat,
460 3639 512 3691 Qui
549 3648 733 3704 presumptum
748 3641 890 3705 occipiunt,
900 3639 969 3705 quio,
977 3640 1011 3701 bi,
1021 3653 1080 3703 pur-

103 3729 121 3780 r,
140 3715 209 3782 quod
230 3715 353 3779 iuppiter
372 3716 512 3766 transtulit.
549 3717 628 3765 ticnia
640 3730 691 3765 non
704 3716 872 3780 preponitur,
888 3729 971 3780 neque
985 3714 1081 3780 verbio,

515 3850 518 3856 Ι
547 3806 631 3855 neque
643 3790 805 3855 participii„
823 3806 899 3841 nemo
910 3791 977 3841 euim
988 3790 1081 3855 bipoteo

103 3893 105 3924 ς
124 3868 185 3918 Non
197 3867 231 3915 ad
244 3866 336 3931 Argos,
345 3868 371 3916 id
381 3877 429 3931 est,
440 3867 513 3918 Grae·
547 3874 575 3915 et
592 3868 698 3931 bipotens
704 3883 713 3924 ,·
730 3867 775 3917 scd
792 3867 946 3932 proponitur
966 3867 1079 3931 appella·

103 3942 307 3993 ineomnrbent.
341 3946 459 3994 Donatus.
548 3943 669 4010 tionibus,
684 3950 714 3992 ut
723 3943 836 4007 bipennis.
868 3943 979 3993 Seruius.

103 4016 263 4081 muer]
308 4021 367 4070 Non
388 4024 513 4084 pnguuut,
579 4018 661 4067 Portis
677 4016 845 4082 bipatentibus]
862 4017 986 4068 Ostendit
1002 4030 1078 4067 unam

103 4099 153 4143 inte
164 4093 239 4155 urbe,
250 4096 334 4146 securi
351 4097 384 4146 dc
396 4095 512 4160 uictoria,
548 4100 658 4158 portam,
678 4106 743 4157 ¹<pore
767 4091 970 4157 ingredientibus
998 4098 1079 4156 atquc

103 4178 151 4223 tur.
186 4170 260 4220 idem.
548 4167 740 4234 egredientibus
751 4169 776 4219 iu
794 4168 872 4220 muris
884 4177 1029 4235 preparata
1040 4166 1080 4217 fn·
