2708 4694
201 294 289 363 2515
554 308 662 360 nore
687 308 886 360 vanionnn
911 296 952 360 ln

239 454 334 505 Animis
343 451 444 517 mobile
454 449 548 515 oum]
569 450 602 502 ld
614 457 663 516 est,
673 453 736 502 stul·
772 466 852 513 canus
862 455 881 505 1.
893 467 945 505 vu.
960 450 1037 504 ‘lude
1051 451 1165 518 sagitte,
1176 448 1244 504 inde
1261 444 1296 502 ir-

207 535 279 579 tunr:
296 536 326 579 ut
337 534 428 579 contra
437 527 545 591 nobiter,
557 527 666 577 animam
678 541 737 591 pru·
774 541 817 578 ces
828 535 856 579 et
866 544 929 580 saxa
937 526 1041 581 volant!
1069 529 1156 578 Cerdo.

207 605 323 655 dentium
340 604 457 654 dicimus.
478 603 537 653 ideo
555 610 640 653 nutem
660 604 737 667 paulu
807 607 885 656 bitror
909 618 976 654 mnan
1001 603 1132 669 remeent]
1163 603 1207 655 stc
1233 603 1304 666 alibi,

207 688 268 746 post
289 681 334 742 ait,
362 682 471 731 Arrsetis
496 679 600 728 numm
644 680 737 728 Sumsit
773 682 913 732 ‘Rimanti
938 683 1018 732 telum
1043 681 1081 730 ira
1107 679 1188 730 iacit?
1236 682 1304 731 Sans

134 772 137 777 ·
207 758 403 808 translationem
431 758 463 806 ab
490 758 649 818 animalibus,
679 771 736 822 quae
775 771 872 807 summa
888 757 1027 808 velocitate
1048 770 1136 807 sensns
1156 755 1304 821 explicitus.

207 834 509 898 stiqnestnltiorasunt.
536 832 640 883 Semina.
774 834 880 884 &ruite

244 910 346 973 Vulgus]
372 910 483 959 Mascnli
494 918 521 959 et
536 910 652 960 neutrius
669 909 737 960 inse·
808 910 1019 973 ramme]
1045 910 1087 961 Ita
1103 908 1201 973 (irtel,
1217 908 1305 971 telx-

202 987 288 1052 'nitur,
304 987 350 1037 sed
361 987 461 1051 generis
471 987 587 1036 neutrius
598 986 647 1037 boc
663 988 738 1049 loco;
775 985 842 1051 opole
861 985 931 1048 θυμὸς
951 986 1044 1050 ὁπλίζει
1063 984 1132 1051 χέρι.
1165 987 1199 1036 Ρ.
1218 986 1306 1036 Victu-

208 1063 272 1112 alibi
289 1063 431 1126 masculini,
447 1070 486 1125 nt,
507 1063 537 1112 in
556 1065 651 1126 vulpem
667 1063 739 1112 nomi·
776 1065 829 1114 rins
839 1069 954 1115 vituli.
980 1064 1023 1113 lta
1034 1063 1090 1112 AEn.
1104 1076 1153 1113 stt.
1170 1061 1307 1113 ‘arnual

206 1153 275 1202 geos.
310 1139 344 1187 Et
355 1139 404 1187 boc
415 1145 456 1188 est
468 1139 539 1197 artis,
556 1145 585 1189 ut
600 1138 739 1188 masculino
777 1140 907 1190 telnmira
917 1139 998 1191 facit.¹
1027 1139 1169 1190 malm.

209 1221 329 1273 uteorum
347 1215 408 1279 quia
427 1215 511 1263 omnia
527 1215 629 1265 nomina
646 1215 740 1264 Latina
810 1217 963 1266 Ferorurrnu
974 1215 1105 1280 minitrat]
1129 1213 1210 1265 0sld.
1221 1211 1307 1280 spise

208 1291 235 1342 in
255 1306 284 1341 ar
304 1291 433 1354 exeuntia,
458 1290 480 1340 si
501 1291 616 1341 neutrius
639 1292 740 1356 generis
778 1292 889 1342 Heroid.
915 1306 953 1342 vr.
973 1297 1029 1343 ltil-
1057 1289 1212 1344 ‘Quoelibet
1234 1288 1308 1340 iratis

208 1365 317 1429 fuerint,
332 1367 417 1417 tertia·
433 1367 612 1418 declinationis
627 1374 696 1430 sunt,
711 1374 740 1417 ut
777 1368 833 1433 ipse
854 1368 900 1418 dat
922 1383 993 1419 arma
1016 1366 1107 1417 dulor!
1149 1364 1308 1417 Claudmnur

207 1456 280 1506 pem
292 1443 400 1507 pecoris:
420 1443 442 1492 si
462 1442 581 1492 secundae
598 1450 685 1492 antem
702 1441 741 1491 iu·
774 1444 845 1509 epig.
855 1457 955 1496 xxrrrs.
967 1444 1000 1493 de
1012 1442 1151 1493 lracuudo:
1170 1443 1222 1492 ‘ln
1233 1442 1307 1507 jacu-

210 1517 279 1570 erint
297 1516 485 1580 declinationis,
503 1518 643 1566 masculina
663 1526 739 1568 sunt:
777 1522 829 1571 lum
841 1521 1012 1586 quodcunque
1024 1519 1241 1585 geritdem'entire
1256 1534 1308 1571 nru-

207 1594 276 1656 ealgi
285 1608 348 1658 ergo
360 1591 434 1656 facit,
446 1607 497 1643 non
508 1593 619 1656 mkeria,
629 1599 659 1642 nt
669 1594 742 1656 docti,
778 1603 827 1661 tat,
837 1597 963 1648 Omnibus
974 1603 1089 1645 armatur
1099 1595 1183 1645 rabies
1195 1611 1242 1659 pm
1253 1609 1308 1646 ene

206 1668 276 1732 olori,
292 1667 360 1718 bosi.-
377 1675 527 1733 usurpatum
546 1676 633 1718 tamen
648 1675 697 1731 est,
712 1676 742 1718 ut
779 1672 839 1736 pide
853 1671 922 1723 ferri.
956 1673 1057 1723 Cuncta
1068 1673 1165 1735 volant,
1175 1670 1237 1721 dum
1247 1670 1308 1722 dex-
1330 1677 1334 1684 '

208 1750 329 1796 nentrum
337 1759 417 1809 genus
425 1744 459 1794 sit
468 1750 660 1807 propteruuum
669 1743 742 1794 Grae·
781 1754 822 1796 tra
848 1747 923 1797 ieron
951 1749 978 1796 in
1003 1751 1109 1798 vulnera
1130 1748 1214 1799 sevir.
1256 1749 1309 1799 Pro

210 1833 271 1871 cnm
291 1835 393 1884 nomen,
413 1820 440 1869 ld
462 1826 512 1884 est,
533 1820 639 1883 pelam.
677 1820 742 1870 Cnm
779 1823 833 1872 telo
843 1824 942 1886 geritur
952 1824 1075 1890 quicquid
1088 1823 1245 1887 suggesserit
1253 1822 1309 1875 lra'

205 1897 279 1948 'emm
286 1898 368 1962 pelugi
379 1895 469 1962 faeiat,
478 1897 595 1947 neutrius
606 1902 691 1947 tamen
702 1904 743 1947 est
780 1897 976 1962 Elegantissime
998 1898 1077 1950 ovid.
1095 1899 1162 1949 blei.
1181 1910 1234 1948 xrs.
1250 1900 1308 1949 2⁴2.

212 1973 322 2038 generis.
350 1974 426 2023 laem.
778 1973 917 2037 ‘etprims
927 1974 1114 2041 poculrpugna
1122 1972 1310 2036 blissa'solrnt,

205 2060 208 2067 ¹
243 2046 361 2109 &sitque
371 2048 457 2096 animis
466 2045 570 2108 ignobile
581 2047 676 2110 mgna]
693 2049 743 2097 Re·
780 2048 933 2117 fragilesque
955 2051 1023 2114 cadi,
1043 2048 1167 2115 curvique
1186 2048 1309 2101 lebetesr

212 2124 291 2189 primi
301 2124 434 2173 concitatu
451 2137 509 2172 raro
527 2129 616 2188 potest
631 2123 744 2173 multitu·
780 2127 833 2176 Res
850 2128 933 2191 epulis
950 2125 1087 2192 qnondam,
1104 2139 1174 2175 nnnc
1192 2125 1263 2176 bello
1284 2131 1311 2175 et

214 2199 258 2265 do,
266 2199 308 2249 cni
319 2214 366 2264 pro
378 2197 515 2263 disciplina
524 2205 574 2261 est,
585 2199 637 2263 sel,
646 2204 677 2248 ut
687 2213 744 2247 ver·
781 2201 895 2252 caedibus
905 2202 993 2266 aptae?
1019 2202 1161 2251 nonme.

211 2275 252 2326 bis
267 2282 327 2325 uttr
343 2274 425 2325 curtii
436 2279 529 2324 v11.2.
548 2288 615 2340 quse,
630 2289 688 2324 cnm
706 2274 744 2323 in·
813 2283 860 2328 155
879 2277 995 2342 Gruoem]
1021 2276 1221 2328 Venerabilem:
1240 2275 1310 2326 nude'

213 2350 282 2402 festa
302 2357 352 2416 est,
371 2351 416 2400 vix
436 2349 546 2401 inhiberi
569 2356 665 2415 potest,
685 2350 745 2417 qnia
781 2361 810 2403 et
820 2353 1038 2418 contemptibiles,
1052 2352 1249 2403 leucadielmns:
1269 2353 1310 2402 sel

213 2426 331 2492 protinus
350 2440 392 2475 reo
405 2425 641 2487 meminere.
673 2425 745 2490 Apu·
778 2429 869 2494 pictum
883 2444 989 2493 gmoem,
1006 2430 1081 2494 cnjus
1097 2429 1147 2478 illia
1168 2429 1312 2480 auctoritas

214 2505 281 2570 lejns
288 2505 356 2554 Met.
364 2517 395 2554 11.
411 2503 523 2554 ‘Saevire
532 2505 631 2568 rorigus,
643 2510 671 2554 et
680 2502 745 2555 facti
781 2505 815 2554 ob
827 2506 949 2571 pietatem
962 2513 1002 2556 est
1019 2506 1119 2571 granis:
1138 2513 1166 2555 et
1180 2505 1249 2555 bene
1259 2519 1312 2556 ser·

212 2582 435 2634 verisimilitudine
452 2584 487 2634 ad
506 2583 620 2634 crlmlnis
637 2583 746 2634 crudeli·
781 2587 827 2631 vat
853 2581 924 2631 circs
949 2581 1016 2632 bunc
1044 2581 1200 2631 rhetoricam
1220 2579 1314 2631 diffini·

214 2667 296 2714 tatem
324 2661 429 2727 impelli,
462 2662 624 2712 conclamant
651 2661 746 2726 ignem,
783 2656 888 2719 tionem,
905 2656 946 2706 cui
957 2655 1043 2706 datet
1056 2655 1187 2718 justitiam
1199 2660 1228 2705 et
1244 2655 1313 2719 peri·

213 2737 348 2802 requirunt
365 2736 442 2800 81¹³ss
464 2740 514 2786 διο.
538 2734 626 2794 χληδδν
644 2734 747 2792 βάλλω
783 2730 845 2778 tiam
865 2729 986 2778 dicendi:
1008 2736 1046 2791 nt,
1069 2729 1128 2778 Ml
1146 2729 1238 2793 pt'dde
1257 2744 1313 2793 m·

214 2811 316 2863 oreon
342 2819 383 2864 est
409 2812 509 2877 lapides
537 2811 636 2875 jacere.
689 2813 746 2860 Em-
782 2813 899 2868 vemtel,
916 2805 1032 2867 lllsregit
1040 2805 1112 2854 dietis
1121 2806 1221 2855 animoa.
1247 2805 1314 2857 οη-

212 2899 311 2937 mera.
783 2889 827 2932 tor
844 2882 914 2932 enim
931 2881 969 2930 lta
986 2880 1119 2943 diffinitur,
1137 2880 1208 2930 ‘Vir
1222 2880 1315 2948 bunt,

249 2966 296 3012 154
318 2963 419 3025 sulione
441 2962 509 3022 facer
530 2967 555 3012 et
575 2977 635 3010 euru
654 2962 746 3025 colunt]
784 2957 886 3008 dicendi
897 2956 1012 3021 peritus!
1037 2957 1142 3008 nerone.

215 3035 294 3085 Multi
305 3050 355 3085 nou
366 3038 454 3099 micet,
470 3036 515 3086 sed
527 3037 606 3086 oolam
618 3036 746 3087 inuenisse
819 3033 887 3096 lber,
906 3034 996 3097 pietate
1015 3046 1112 3094 gruem
1134 3037 1159 3082 el
1178 3033 1275 3084 merida
1294 3033 1315 3083 si

215 3111 358 3162 sedicunt.
390 3112 442 3162 Sed
462 3114 590 3162 Cornutus
606 3113 747 3162 verendum
778 3110 944 3174 sostenium]
968 3107 1315 3160 ExQniutilianisententia

214 3187 261 3250 alt,
278 3199 310 3237 ue
329 3195 515 3252 prepostemm
532 3188 566 3237 sit
585 3186 655 3238 faces
672 3189 748 3251 velle,
785 3199 839 3236 ιιι.
852 3190 875 3235 1.
892 3190 1020 3234 oratorem
1037 3189 1143 3247 oportet
1159 3196 1217 3234 esse
1230 3184 1316 3234 virum

215 3262 291 3313 etsie
303 3276 373 3324 saxa,
384 3276 442 3311 cnm
453 3261 515 3311 alibl
526 3264 662 3326 maturius,
676 3268 748 3314 etex
784 3263 890 3325 bonum,
901 3260 1003 3311 dicendi
1015 3260 1134 3324 peritum.
1163 3258 1258 3312 Qualis
1265 3259 1316 3310 tuit

215 3335 305 3386 ordine
323 3335 482 3386 dictumslt:
500 3335 596 3386 ‘Arma
612 3337 676 3387 velit
693 3353 749 3402 pos·
784 3337 922 3388 Menenius
948 3335 1073 3400 Agrippa,
1099 3335 1175 3400 enjus
1203 3333 1317 3387 ineunda

214 3419 311 3476 eatque
336 3411 419 3476 simul,
447 3413 581 3478 rapietque
606 3413 748 3478 juventur?
785 3412 869 3464 oratio
889 3411 981 3462 efficax
1002 3411 1062 3460 satis
1085 3408 1135 3459 suit
1157 3410 1190 3460 ad
1213 3425 1318 3462 concor·

214 3488 320 3539 Serviat.
785 3490 863 3552 diam,
882 3496 912 3539 nt
931 3489 1000 3539 Flos.
1014 3500 1034 3536 t.
1053 3491 1096 3537 25.
1113 3495 1141 3538 et
1160 3487 1218 3538 liv.
1230 3502 1263 3541 π.
1274 3492 1315 3540 td.

246 3569 347 3632 denque
361 3567 430 3629 fures
447 3574 470 3618 et
486 3583 546 3618 saxo
560 3570 651 3633 colant]
666 3567 747 3618 Vides
786 3567 930 3617 Emmesees.

214 3650 246 3695 nt
262 3657 279 3694 a
293 3644 420 3695 seditione
437 3647 577 3696 animorum
596 3646 687 3708 vulgus
706 3661 747 3695 re·
818 3646 866 3693 156
881 3642 1032 3705 directisque
1042 3639 1151 3704 nemim]
1170 3641 1316 3695 thanatio

212 3720 406 3771 uiatednrma.
430 3721 538 3772 Tacitus
548 3719 748 3770 Hist.111.‘Ubl
785 3734 801 3768 a
826 3718 906 3769 mutis
936 3716 1094 3778 animalibus,
1119 3715 1213 3781 qulbus
1240 3730 1314 3768 aures

216 3796 370 3847 cmdeseere
387 3796 490 3861 seditio,
508 3803 536 3846 et
552 3811 567 3845 a
585 3795 704 3846 convitiis
721 3802 749 3845 et
784 3794 892 3846 mobiles
914 3801 980 3845 snnt.
1022 3791 1064 3841 An
1085 3806 1156 3841 omer
1174 3806 1224 3856 pm
1245 3793 1316 3844 andi·

215 3871 317 3936 probris
333 3872 366 3922 ad
385 3873 437 3922 tela
451 3879 479 3922 et
490 3886 577 3922 manus
590 3870 749 3935 transibant‚'
784 3870 845 3921 endi
854 3885 928 3920 seusu
938 3869 1033 3934 posuit,
1043 3875 1147 3917 secutus
1156 3868 1316 3930 Terentium,

217 3952 267 3999 dac.
299 3947 351 3998 Sed
363 3949 530 4012 signatissime
541 3947 626 3997 Poiita
636 3947 682 3996 dat
697 3953 748 3997 tur·
786 3946 828 4011 qui
850 3946 898 4008 ait,
924 3946 1035 4009 ‘Arrige
1058 3957 1141 4006 aures,
1163 3942 1317 4010 Pamphile?

220 4023 260 4073 be
283 4024 333 4074 dno
357 4039 483 4074 armorum
506 4039 611 4089 genera,
634 4022 703 4084 foces
724 4029 748 4073 et
785 4023 887 4072 Senias.

218 4112 287 4148 mue.
319 4098 428 4148 Tacitus
448 4097 540 4149 Annei.
560 4113 618 4150 xiv.
645 4097 749 4147 ‘nmiu-
817 4100 970 4165 Arrectitqte
979 4098 1087 4163 namin]
1106 4098 1156 4148 Eat
1170 4098 1232 4163 boe,
1248 4096 1315 4168 quud

220 4173 507 4226 tudinesaxaacisces
518 4174 670 4228 minitante.¹
698 4175 748 4227 bn·
786 4176 874 4228 Greci
884 4175 1066 4230 homero:
1084 4172 1155 4243 qnod
1164 4172 1316 4242 Apollonius
