2708 4694
120 242 209 313 tutu
472 267 581 318 uorsa
604 268 805 320 vsnsonuu
830 268 873 321 ru

121 409 256 471 sepiem.-
272 409 341 472 quod
361 411 463 475 quidem
483 419 510 461 et
529 413 655 478 placeret,
690 415 798 480 puppim
820 417 908 482 collos,
931 416 1072 484 campique
1093 415 1218 483 videntur,

123 492 152 532 et
173 484 274 533 cnrdite
301 487 413 550 positum
436 487 578 553 videretur,
605 491 655 540 nisi
691 493 761 543 Quos
771 491 868 557 agimus
888 502 984 558 praeter
994 495 1091 559 navius,
1108 496 1217 562 velisque

120 561 182 609 leuis
203 570 375 632 meruerant
395 565 569 629 interpretes:
593 582 654 631 quo·
689 568 820 618 volamus!
852 570 951 621 Videat
967 569 1057 637 itaque
1074 573 1216 636 hetonae

119 651 179 688 ,rum
191 639 247 688 lraec
258 641 439 704 paraphrasis:
457 642 540 690 ‘Nom
554 650 656 706 tempus
689 644 769 693 rerba
780 646 835 694 hnc
848 646 925 708 Livii,
935 647 954 696 Ι.
966 660 1050 698 1111.
1066 649 1171 699 ‘Vento
1184 665 1218 699 se·

122 711 242 763 fiduciam
261 715 352 778 dabat,
371 732 422 782 qno
440 725 469 767 et
486 732 557 767 mare
576 719 655 782 placi·
689 719 774 769 cundo
792 721 937 773 vehementi
954 724 1019 774 tatis
1037 725 1166 788 proiectis
1180 741 1219 776 ce·

122 789 184 839 uum
201 788 296 854 iuerat,
311 798 339 842 et
354 791 430 842 flatus
449 795 653 858 intemperati,
688 793 930 860 leriterconspectu
948 805 1028 849 terrae
1047 800 1128 851 ablati
1147 800 1218 866 suat,’

122 872 152 916 ut
164 866 271 917 leuitate
282 881 335 931 sua,
352 870 431 920 etiam
448 871 541 921 inritos
559 873 655 921 hortari
690 870 742 933 legi
751 874 945 936 exconjectura
954 876 1091 928 nostrasic
1102 877 1221 928 ‹lebeautr

122 943 267 1007 potuissent
277 946 310 995 ad
321 947 508 1012 navigandum!
532 951 637 999 Pierirm
689 946 793 998 ‘Vento
805 949 1077 1020 secundoveherucnti
1089 955 1155 1005 satis
1168 970 1220 1018 pru·

156 1020 255 1084 Aader]
287 1023 376 1073 Quivis
396 1032 496 1074 ventus.
531 1025 598 1074 Nam
621 1025 654 1074 ad
689 1021 1220 1090 icctisceleritercouspectuterraeablstn

22 1095 29 1112 “
122 1097 259 1147 Thraciam
278 1099 406 1163 Aquilone
424 1101 655 1166 navigatur51euis
690 1100 767 1149 sunt!
785 1101 1221 1171 Namprofectis‚etsilatincscias,

122 1181 210 1226 auteur
230 1177 298 1237 ideo,
318 1178 378 1242 quia
397 1179 512 1242 superius
530 1180 575 1242 sit,
590 1181 598 1208 ‘
612 1182 654 1229 vix
690 1174 1220 1247 quliucungruuur.Deindernagisproprie

123 1253 206 1316 prims
216 1254 349 1318 inceperat
360 1256 453 1315 testas,'
465 1262 492 1305 ct
503 1257 574 1305 lenes
584 1256 655 1306 venti
689 1257 823 1314 tmpestas
832 1251 928 1303 dicitur
939 1255 973 1305 de
983 1257 1140 1320 horninibus,
1150 1271 1219 1326 quan

122 1335 296 1391 permutem
309 1339 378 1381 sum,
410 1326 518 1384 &jem
689 1327 813 1377 detersa.
847 1330 941 1395 itaque
954 1331 1040 1384 Poeta
1052 1335 1129 1398 dicit,
1146 1345 1220 1389 term

153 1409 185 1455 tl
203 1404 341 1474 Daune]
357 1407 655 1474 Propfifflreeomm.
689 1404 790 1453 ablatas
819 1418 835 1454 a
865 1416 1009 1471 conspectu
1042 1411 1222 1479 navigantium,

122 1480 309 1535 riomtdmnt.
343 1484 426 1536 Idem.
689 1494 741 1529 non
760 1481 830 1545 ipsos
845 1492 1015 1548 ecouspectu
1033 1491 1123 1538 terrae.
1166 1490 1221 1539 Pin.

155 1559 293 1622 Desinant]
333 1562 404 1614 Quas
430 1564 516 1612 miseri
543 1564 654 1613 rubam.
691 1556 754 1606 ‹laro
772 1563 866 1620 tamen,
881 1559 964 1622 Pyth.
979 1560 1086 1613 Od.rv.
1106 1564 1170 1614 tritu
1187 1566 1220 1615 lu·

122 1641 206 1685 emat.
239 1637 358 1687 Mass.
691 1635 761 1685 entia
780 1637 887 1701 placuit,
902 1635 989 1700 siparia
1006 1638 1156 1706 ύηχόρηε,
1175 1643 1218 1693 ite·

156 1711 294 1775 Desierant]
316 1715 426 1779 Proprie
436 1717 548 1766 delam
560 1722 600 1766 est
612 1730 655 1767 ua·
690 1713 760 1760 nertii
770 1713 900 1775 micetio·
935 1714 1030 1765 Cerdo.

122 1802 167 1836 ves
180 1789 554 1857 deterraiuaqnansducere.
587 1795 655 1844 Stat.
726 1788 848 1851 Terraque
866 1788 979 1853 Meque
995 1792 1122 1857 termut]
1148 1792 1221 1848 flunt

124 1863 219 1915 Achill.
239 1868 257 1916 l.
272 1881 311 1917 ιν.
329 1869 406 1918 ‘Nec
425 1883 475 1918 non
495 1877 523 1918 et
542 1869 656 1933 genuinas
691 1863 836 1928 opinionem
854 1865 962 1930 attingit
978 1866 1073 1918 Cicero
1089 1869 1117 1918 iu
1137 1869 1223 1920 lucul-

124 1950 246 2006 regnator
259 1945 366 2008 scyrpus
382 1946 596 2009 ⁸1⁰0.‚1)educpt
613 1961 656 2010 8⁰·
692 1940 727 1988 lo.
744 1939 834 1988 eodem
851 1948 939 1990 autem
949 1940 1032 1991 verbu
1048 1944 1133 1993 utitur
1148 1943 1221 1994 out.

121 2020 202 2069 uero.'
219 2019 381 2071 Contrarium
393 2030 433 2071 est
443 2021 656 2072 monacnuvide
693 2016 759 2065 Met·
782 2029 820 2066 11·
841 2021 898 2066 ⁴6⁶·
923 2015 994 2066 ‘nbi
1021 2024 1096 2069 iem
1120 2020 1222 2070 recenit

124 2094 158 2145 N.
172 2096 229 2146 AEn,
241 2109 261 2145 ι,
273 2102 329 2147 551,
364 2098 507 2147 Emeum.
693 2091 813 2154 lougius,
831 2100 910 2157 atque
930 2093 998 2143 oculi
1015 2104 1150 2160 nequeunt
1167 2106 1221 2162 cog-

154 2176 186 2221 as
205 2173 576 2236 Tmoeqummwrecedm]
589 2173 656 2239 phy.
692 2182 799 2216 noscere
821 2168 923 2218 viritas)
965 2169 1019 2220 Pro
1042 2186 1076 2221 eo
1098 2173 1167 2223 idem
1188 2187 1223 2224 vr.

124 2246 204 2295 sicam
222 2259 275 2294 rem
294 2247 376 2296 uicit:
397 2247 656 2312 hoceuirnnavigan-
692 2248 749 2294 ola.
778 2244 990 2310 ‘Admotumquc
1016 2245 1116 2299 fretum
1142 2249 1223 2314 reunia,

122 2323 191 2372 tibus
203 2322 314 2385 videtur,
326 2323 397 2387 qussi
412 2324 444 2372 ab
459 2323 498 2372 hls
516 2332 588 2373 terra
604 2326 655 2376 ‹lis-
692 2320 821 2384 iellnnqno
832 2322 999 2384 ropnlonrtt!
1033 2326 1178 2377 Emmeaess.

122 2400 207 2450 caelat.
242 2400 309 2449 ltem
331 2401 423 2450 aliter:
443 2401 521 2463 Juno,
542 2416 600 2450 cum
621 2401 656 2450 vi·
725 2402 756 2446 'lli
775 2398 848 2446 Sucro
864 2399 926 2446 mari
942 2399 1029 2448 colitur
1047 2402 1138 2466 medio]
1156 2400 1224 2452 Ordo

122 2475 203 2526 disset
225 2477 349 2526 Latonam
372 2492 387 2527 a
412 2479 479 2529 ioue
502 2477 656 2541 adamatam,
693 2481 733 2523 est
744 2491 750 2522 :
763 2474 794 2522 ln
805 2474 868 2522 mari
880 2474 963 2523 medio
976 2476 1065 2540 AEgaro
1077 2480 1173 2530 colitur
1184 2480 1226 2530 tel·

119 2553 219 2617 juravit
230 2568 286 2604 eam
297 2570 347 2604 nou
366 2555 506 2618 parituram
519 2556 543 2603 iu
562 2554 653 2604 terris:
692 2551 731 2600 lus
748 2565 822 2600 sacra
836 2553 969 2616 Neptuno,
986 2555 1130 2605 Nereidum
1141 2557 1224 2620 matri,

122 2631 656 2695 Juppitermutaviteamincotumicem,
691 2626 718 2675 id
741 2635 791 2688 est,
814 2626 905 2676 Doridi
930 2629 1087 2692 gratissima.
1130 2634 1224 2683 Fabula

123 2723 180 2772 quoe
193 2707 286 2757 Graece
298 2706 367 2770 ipro(
378 2708 533 2771 appellatur,
547 2715 575 2757 et
586 2720 656 2756 mon·
691 2710 777 2753 autem
792 2705 848 2752 talis
861 2712 916 2754 cst:
936 2706 1001 2756 Post
1017 2708 1137 2758 vitiatam
1152 2710 1225 2759 Lato·

123 2784 218 2833 stravit
238 2789 266 2832 ut
286 2783 389 2833 veniret
410 2785 506 2847 Delon,
526 2799 584 2847 quae
605 2774 655 2832 luis
692 2778 875 2843 nunr,lupiter
887 2794 946 2829 curn
957 2780 1037 2830 etiam
1047 2782 1105 2846 ejus
1114 2796 1224 2835 sororem

123 2862 281 2926 temporibus
302 2863 372 2911 circa
390 2863 475 2911 omnia
494 2862 569 2911 litora
589 2860 655 2910 iere·
692 2856 821 2905 Asterien
841 2856 932 2904 vitiare
949 2858 1049 2918 vellet;
1068 2860 1110 2908 illa
1127 2863 1226 2925 optavit

124 2939 201 2989 batur
213 2941 303 2989 ventis,
337 2940 520 3003 Pogtpmum
532 2953 593 2987 vero
609 2937 656 2987 La.
692 2932 856 2994 tdiis‚niitl
868 2946 942 2980 &vem
960 2941 1126 2996 verteram]
1148 2952 1227 2985 iem·

123 3022 190 3065 10„ae
208 3031 257 3080 quo
276 3017 386 3065 Dianam
402 3024 431 3065 et
448 3015 593 3080 Apollinem
613 3030 655 3079 pe.
693 3023 743 3072 quc
755 3008 780 3055 in
792 3008 951 3057 coturnicem
963 3017 1012 3058 est.
1046 3012 1081 3060 Et
1099 3027 1158 3062 curn
1175 3015 1224 3063 vel·

122 3093 200 3154 perit,
223 3093 329 3155 Ortygia
352 3093 422 3142 dicta
444 3099 493 3152 est,
517 3107 573 3156 quae
595 3099 655 3141 ante
693 3086 730 3133 let
750 3086 829 3134 maria
850 3083 1029 3146 transfretare,
1057 3088 1127 3152 quud
1146 3097 1226 3139 cotur-

123 3169 196 3216 Delos
207 3168 402 3216 nominabatur:
423 3175 450 3216 et
468 3176 556 3231 postea
574 3169 657 3231 Delos,
693 3162 838 3224 cicumeat,
855 3160 952 3212 adflata
963 3177 979 3211 a
989 3163 1069 3225 Jove,
1085 3166 1150 3214 etin
1165 3165 1225 3230 lapi·

110 3257 180 3291 cunr
209 3258 265 3291 eam
300 3241 394 3305 Apollo
422 3242 574 3290 revinxisset
604 3243 657 3304 Gy·
694 3240 752 3288 dem
772 3254 904 3302 conversa,
922 3240 967 3288 sliu
985 3241 1034 3289 sub
1052 3240 1176 3293 fluctibns
1194 3245 1226 3293 la-

123 3333 167 3366 aro
187 3326 215 3368 ct
236 3319 350 3382 Mycona
370 3317 498 3367 altissimis
518 3319 655 3368 montibus.
694 3316 752 3364 tuit.
787 3315 882 3363 Postea
899 3316 1064 3378 supplicante
1080 3317 1141 3367 lovi
1154 3321 1243 3389 irato·⁸

121 3395 229 3444 Senius.
694 3405 735 3452 na,
757 3392 858 3439 clevata
880 3397 920 3439 est
942 3406 1021 3453 super
1043 3408 1142 3457 aquas:
1171 3397 1224 3446 haet

155 3470 289 3535 Resonant]
316 3469 481 3520 solventibus
499 3476 574 3519 terrm
593 3471 655 3534 ipsos
692 3468 776 3531 primo
788 3469 911 3530 Neptuno
923 3474 950 3516 et
962 3469 1057 3517 Doridi
1075 3470 1126 3520 i'uit
1141 3486 1226 3521 cunse-

121 3559 149 3602 et
172 3557 262 3615 portus
283 3549 404 3599 videntur
426 3548 557 3597 recedere.
591 3550 655 3596 'l'ale
693 3550 775 3590 craia.
810 3542 907 3592 Postea
926 3558 984 3591 curu
1001 3545 1072 3596 inno
1089 3548 1228 3611 gravidans,

120 3627 183 3677 illud
211 3628 271 3677 Seu.
298 3627 324 3675 in
343 3625 437 3674 Troad.
462 3640 493 3672 ex
516 3639 562 3672 ms.
586 3624 654 3688 quod
694 3618 814 3679 Pythone
829 3617 950 3678 immisso,
966 3620 1094 3668 Latonam
1112 3621 1225 3686 inseque-

122 3705 228 3757 Delrius
249 3702 447 3753 animadvertit:
472 3703 479 3727 ‘
491 3702 556 3750 Cum
576 3703 654 3749 semel
693 3703 773 3756 tetur,
784 3694 860 3742 terrio
871 3695 988 3743 omnibns
1000 3697 1110 3759 expulsa
1122 3699 1227 3760 Latona,

122 3783 206 3831 scutis
230 3786 386 3845 properante
409 3794 478 3827 remo
498 3777 656 3835 Prenderiut
694 3771 798 3820 landent
819 3772 969 3835 applicante
991 3785 1019 3820 sc
1042 3774 1173 3837 litoribus,
1193 3790 1232 3824 soe

122 3861 213 3919 atrum,
229 3856 364 3923 fugietque
382 3856 454 3905 riuus
466 3853 481 3903 :’
501 3856 526 3903 in
547 3855 657 3919 vulgatis
694 3861 753 3896 rore
774 3855 896 3912 susceptu
915 3856 972 3897 est:
995 3855 1023 3898 et
1042 3850 1097 3898 tute
1119 3853 1227 3901 Dianam

122 3934 226 3999 legitur,
236 3933 345 3995 fugient.
379 3931 449 3994 Apte
468 3931 500 3979 ad
518 3931 583 3980 hanc
600 3930 656 3980 aeu-
694 3924 785 3987 primo,
802 3933 861 3987 post
880 3924 1029 3988 Apollinem
1045 3930 1168 3991 peperit:
1185 3927 1227 3993 quui

123 4010 231 4059 tentiam
252 4024 340 4059 versus
358 4009 464 4058 Lucret.
485 4006 502 4055 l.
518 4020 557 4055 ιν.
577 4006 658 4058 ‘Qua
694 4001 780 4049 statim
793 4001 881 4050 occiso
893 4002 1022 4065 Pythone,
1038 4005 1109 4054 ultus
1120 4013 1162 4056 est
1176 4019 1228 4054 ura»

122 4086 239 4134 vehimur
254 4086 323 4146 navi,
342 4084 434 4146 fertur,
454 4098 512 4132 cum
530 4091 599 4132 sture
621 4083 657 4131 vi·
695 4078 742 4126 tris
753 4078 881 4141 injuriam.
914 4080 982 4129 Sane
994 4082 1163 4144 nataDiana,
1175 4095 1228 4144 par-

114 4161 218 4218 ¹sletur3
245 4162 420 4210 Qirmmanct
439 4159 464 4210 iu
486 4160 606 4224 statione,
626 4174 658 4209 ea
695 4156 801 4204 turicnti
811 4154 956 4219 Apollinem
966 4157 1044 4218 matri
1055 4157 1228 4222 diciturprae·

126 4240 224 4297 practer
247 4234 361 4284 creditur
384 4233 431 4297 irc,
454 4235 489 4285 Et
511 4233 601 4299 fugere
624 4235 657 4284 ad
694 4231 1066 4284 buissrobstetricisofficiuru.
1078 4234 1159 4285 Unde
1169 4247 1225 4285 cum

560 4344 572 4377 h
