2708 4694
119 266 212 331 etos
473 277 583 326 norm
604 277 805 326 vanrounu
829 276 870 325 ιιι

121 426 172 473 tius
182 425 200 472 l.
213 423 261 473 u.‘
274 421 391 472 latomos
398 421 448 471 isto
459 421 539 471 satine
550 427 654 471 tentare
689 418 781 485 quietis
792 419 935 484 epitheton.
968 419 1074 470 Pierius.
1216 439 1220 445 ·

122 500 238 549 veneno!
271 500 333 549 Non>
347 498 456 560 abludit,
476 498 560 548 vocari
577 497 655 547 Amn-
720 499 769 545 disti
786 494 894 558 Ins-icat]
908 493 1152 560 Intenditpsopsie
1162 494 1222 560 qnia

121 590 176 624 rem
187 591 203 624 a
214 576 272 624 Val.
287 575 347 638 Arg.
360 574 378 622 l.
391 586 441 624 vn.
453 579 552 637 pestem
570 573 654 622 laten·
689 586 791 620 somnus
802 571 974 636 sicpingitnr,
995 571 1069 636 qnasi
1085 585 1167 622 eom
1184 571 1223 622 h·

122 659 175 699 tem
186 650 294 699 ossibus.
330 649 446 698 Estsatis
457 662 536 711 sagax
553 647 579 696 in
599 647 652 696 imi·
688 645 788 697 fundat.
822 647 927 698 finias.

119 725 199 774 tando
211 725 375 787 Propertius,
392 723 531 786 sepissime
542 723 575 772 nd
586 721 653 771 Poii·
721 721 828 785 [viget]
845 722 958 772 Pulobra
976 722 1140 786 metaphora.
1157 721 1221 772 {²0-

121 811 175 850 tem
196 799 297 862 alludit,
316 807 343 848 et
363 813 432 862 saepe
452 799 490 847 ita
499 798 654 862 clanculum,
688 799 740 848 rins
750 798 841 849 Antias
852 800 947 850 nnnn.
959 801 977 850 l.
989 813 1009 850 1.
1019 798 1091 863 apud
1102 798 1220 851 noenta

121 882 150 926 nt
177 877 221 925 vix
241 875 393 939 assequaris.
428 874 494 922 Rem
515 874 558 923 liic
580 875 653 923 inens
687 874 843 939 ‘mitemque
865 876 933 940 rigat
956 890 1004 940 per
1025 883 1138 940 poetora
1156 889 1220 925 son·

121 951 254 1002 indicabit.
288 952 325 1000 Ut
337 951 405 1000 enim
418 949 502 999 Po'e'ta
513 949 609 1013 ignem,
624 955 652 998 at
688 951 764 1000 num?
798 952 934 1001 Lucretius
950 953 1019 1003 liv.
1039 952 1221 1015 ‘mut

121 1043 248 1078 venenum
266 1027 413 1091 conjungit:
431 1026 467 1075 ita
486 1026 530 1075 ille
548 1026 614 1075 libro
630 1040 651 1074 1.
687 1026 803 1075 membra
828 1026 941 1091 quietem
961 1026 1080 1091 luriget.¹
1114 1026 1219 1091 cypris
1239 1044 1241 1049 ¹

120 1106 187 1169 eleg.
199 1110 223 1153 5.
235 1105 261 1152 in
272 1119 300 1152 re
320 1102 393 1151 simili
410 1101 519 1150 amoris:
536 1103 589 1150 ‘Et
606 1102 653 1152 mi-
687 1116 735 1152 nns
747 1104 774 1152 ln
786 1101 882 1154 (lenes.
897 1104 985 1153 ‘lilius
1005 1104 1106 1168 irriguo
1116 1101 1220 1168 perin-

120 1195 163 1229 ser
183 1179 285 1241 ignotos
304 1177 414 1240 vestigia
429 1177 499 1225 t‘erre
510 1191 558 1239 per
568 1177 651 1240 ignes,
687 1178 727 1228 dit
743 1178 840 1229 lumina
856 1180 962 1231 somno!
994 1181 1051 1244 1⁹40
1073 1186 1140 1245 pato
1154 1194 1219 1245 op·

120 1257 155 1305 Et
176 1254 267 1304 bibere
289 1268 304 1301 e
324 1258 380 1302 tote
400 1253 487 1301 toxica
504 1250 651 1301 lbcssalia.'
687 1254 735 1303 boc
746 1268 803 1304 esse
813 1255 977 1305 Tertulliani.
999 1255 1062 1306 Non
1071 1254 1132 1306 abit
1142 1255 1219 1307 uns

121 1332 169 1382 Est
180 1331 229 1378 boo
243 1344 324 1390 genus
344 1327 494 1377 imitationis
511 1327 652 1378 illustrissi·
687 1331 718 1381 ll.
729 1346 760 1381 ιι.
779 1330 869 1381 Γλυκὺν
879 1331 1058 1393 ὕπνωιχενινε
1075 1333 1220 1384 Delo-‘u-

120 1419 199 1456 mum.
234 1406 320 1455 Cerdo.
680 1406 875 1467 wunsam.
906 1407 1057 1468 Nsmsnnda
1068 1408 1104 1458 da
1118 1408 1219 1473 liquidis

153 1485 200 1530 698
219 1481 292 1529 Pani
311 1481 387 1530 Amor
407 1479 489 1543 dictis]
505 1479 544 1528 Ut
563 1493 652 1542 snpra,
687 1486 828 1548 propriam.
860 1483 903 1534 Ad
921 1487 976 1535 baec
998 1485 1143 1549 pertinent,
1163 1499 1218 1551 qu

121 1572 169 1622 pro
188 1557 315 1620 Cupidine
333 1571 447 1606 amorem
458 1556 552 1620 posuit.
583 1556 652 1605 Sene
687 1561 836 1612 dictatori.
849 1563 921 1612 v.de
934 1561 1218 1628 Deosomnmqnifin·

120 1633 271 1697 notandum,
282 1633 350 1699 quod
362 1632 502 1695 interdum,
516 1632 560 1681 ubi
578 1631 651 1680 indu·
688 1638 797 1699 gebatur
823 1652 922 1688 ramum
950 1646 1053 1703 gestare
1071 1639 1218 1689 madent:

121 1711 159 1761 cit
175 1710 299 1761 minorem
310 1709 478 1760 festinantem
490 1723 590 1773 parere,
601 1722 651 1758 ma·
687 1712 795 1763 letheo
812 1728 881 1764 rore.
914 1713 956 1763 Ad
975 1728 1123 1764 monem
1141 1721 1219 1764 mns-

116 1787 170 1851 jori
190 1787 388 1850 respondentem
400 1800 459 1836 enm
470 1800 521 1834 non
533 1783 606 1844 facit,
621 1791 651 1834 ut
689 1788 749 1839 tulit
769 1790 883 1839 lucilius
902 1789 990 1853 Satyr.
1011 1789 1030 1840 1.
1050 1801 1137 1840 utu.
1153 1790 1219 1841 ‘Per

121 1864 169 1913 boc
186 1864 245 1913 loco
266 1863 427 1927 Cupidinem,
443 1869 473 1912 nt
489 1861 516 1910 in
527 1875 567 1910 ιν.
583 1860 653 1909 ‘llla
688 1879 762 1915 eures
774 1872 865 1928 pectus
875 1863 1024 1928 irrigarier!
1057 1865 1147 1915 Cende.

121 1938 208 1989 Patris
226 1939 310 2002 magui
328 1952 421 2003 parere
439 1937 548 2002 parabat
567 1937 653 1999 Impe-
721 1940 829 2005 leviget]
853 1941 896 1990 Sic
916 1947 1004 1990 noster
1022 1939 1082 1992 AEu.
1100 1954 1146 1990 ιιι.
1163 1945 1218 1992 ill.

122 2016 178 2065 rio!
196 2016 230 2065 Et
247 2015 272 2063 in
284 2027 335 2063 vn.
352 2015 438 2063 ‘Exin
454 2013 598 2077 Gorgoneis
617 2012 652 2061 A·
688 2015 824 2079 ‘Corpora
841 2031 969 2077 nummus,
986 2013 1068 2065 fessos
1087 2030 1166 2081 sopor
1182 2016 1218 2065 in·

120 2087 433 2140 lectoinfectavenenis!
464 2089 568 2138 Semnus.
689 2090 857 2154 signantes!
873 2089 1050 2140 indeSomnns
1060 2087 1220 2141 dicitnr'uni·

110 2218 115 2224 ,
156 2168 242 2231 Paret]
258 2168 318 2216 Non
334 2165 487 2229 respondet:
512 2163 652 2229 quideninr
687 2179 757 2227 guas.
790 2164 883 2215 Persio
905 2165 958 2214 Sat.
980 2178 1007 2213 v.
1035 2169 1077 2214 bd.
1107 2164 1221 2229 ‘irriges

120 2257 239 2307 personne
256 2243 354 2304 matris,
373 2243 415 2291 vel
433 2242 542 2291 maxime
562 2241 588 2289 in
606 2240 653 2290 tali
689 2242 788 2291 mavult
799 2246 949 2304 turgescere
964 2239 1070 2289 somno!
1086 2239 1149 2304 quid
1165 2254 1221 2292 rst-
1247 2278 1250 2283 -

121 2333 207 2375 causo,
219 2318 401 2381 responderet:
419 2324 447 2367 et
457 2323 559 2381 tempus
573 2315 654 2379 facte,
691 2317 752 2367 bum
762 2318 878 2381 ιἰιτιςιιιι,
889 2318 916 2367 id
926 2322 976 2378 est,
992 2330 1085 2380 nquam
1106 2316 1169 2367 rivis
1183 2317 1220 2367 in·

120 2408 171 2442 non
181 2392 280 2442 fabulas
290 2393 425 2456 exigebat:
444 2407 507 2454 ergo
518 2407 545 2442 se
557 2390 652 2442 officio·
690 2393 795 2456 ducere,
811 2394 917 2444 Salmas.
929 2406 1016 2442 exero.
1036 2392 1107 2442 Plin.
1124 2407 1152 2457 p.
1163 2395 1221 2444 91⁸·

121 2484 176 2518 sum
187 2470 263 2517 matri
277 2475 393 2532 praestat.
421 2471 538 2521 Donatus.
693 2469 833 2518 Emeum.

128 2548 214 2596 -Alns
240 2545 329 2608 Exuit]
356 2545 414 2595 Hoc
442 2551 492 2609 est,
525 2545 652 2610 deposuit.
722 2546 820 2611 fotum]
863 2546 1006 2608 Sublatam,
1049 2545 1220 2609 complexura.

120 2622 187 2672 Laus
208 2622 298 2686 iugens
316 2621 420 2672 Ascanii
439 2635 487 2685 per
503 2621 654 2672 transitum.
688 2619 793 2680 Samias.

121 2699 263 2764 Siquidem,
282 2698 328 2748 aiis
339 2704 440 2749 tentum
456 2698 589 2763 depositis,
604 2695 653 2746 As·
721 2697 820 2760 Fntnsn]
837 2696 869 2746 Id
881 2702 931 2758 est,
941 2695 1078 2757 sublatum,
1090 2695 1220 2759 complex·

119 2774 277 2827 eaninsfuit
309 2774 415 2824 Sanies.
617 2807 622 2818 .
688 2787 740 2822 nm.
768 2773 795 2824 J·
817 2774 877 2824 inv.
898 2773 1031 2822 Pontinas
1057 2774 1084 2823 in
1105 2779 1220 2823 esim

152 2854 201 2901 ont
220 2849 342 2912 Gaudetis]
357 2849 416 2911 Vel,
434 2846 653 2913 ntfilinmexpri·
680 2847 771 2911 Antii,
786 2865 859 2913 paene
877 2865 892 2899 e
911 2849 1017 2913 singuiis
1033 2849 1111 2900 trium
1132 2850 1221 2899 bornen
1251 2878 1254 2882 -

121 2934 205 2977 meret
217 2926 250 2977 ad
268 2931 368 2990 patrem
385 2929 507 2974 euntem:
525 2924 576 2986 vel,
592 2923 654 2987 qnia
690 2926 831 2976 carminum
849 2926 941 2987 verbis,
959 2940 1024 2990 eque
1036 2925 1148 2977 Veneris
1165 2938 1220 2989 gea·

120 3004 199 3066 plena
224 3003 356 3051 voluntate
380 3000 453 3064 jussa
484 3000 572 3050 matris
605 2999 652 3049 im·
690 3000 758 3050 tibus
780 3009 808 3051 et
828 3002 989 3066 voluptatem
1016 3008 1044 3051 et
1075 3000 1221 3051 admiratio·
1251 3026 1256 3035 ·

120 3079 219 3144 plebat.
247 3079 365 3128 Donatus.
689 3091 747 3126 nem
758 3077 836 3142 gigni,
844 3078 942 3128 docuit.
977 3077 1124 3127 radun.

152 3160 200 3205 696
225 3155 261 3204 At
281 3154 369 3218 veen]
394 3154 496 3202 Natura
513 3165 652 3214 puerorum
721 3157 769 3203 nst
787 3155 872 3204 Idalia
891 3153 965 3216 nna]
991 3153 1128 3203 l'rrmebus
1144 3165 1220 3205 mv.

121 3231 244 3295 ungitur,
264 3230 308 3293 qni
327 3228 440 3278 securius
459 3233 487 3277 et
503 3227 548 3276 din
560 3227 652 3276 docmi-
688 3234 730 3281 tt.
764 3230 839 3280 [dein.

120 3313 177 3369 ant,
196 3307 218 3356 si
238 3306 316 3355 etiam
337 3304 465 3354 accedant
475 3303 526 3353 dia
536 3303 651 3352 oblecta-
720 3305 861 3370 Ammaous]
877 3306 929 3356 Hic
939 3320 1003 3369 puer
1012 3304 1097 3368 regins
1109 3317 1221 3369 numen·

121 3389 221 3432 ruente:
239 3388 269 3430 ut
278 3394 403 3443 secessus,
415 3377 501 3442 dores,
510 3386 539 3428 et
549 3379 652 3440 odores,
689 3381 768 3431 tarius
786 3380 847 3444 fnit,
858 3383 902 3446 qni
913 3397 973 3431 casu
985 3382 1072 3444 lapsus
1088 3379 1150 3431 dnm
1169 3378 1222 3431 fen
1239 3404 1242 3409 ·

120 3465 149 3508 et
159 3458 292 3517 mollicies,
309 3456 478 3520 opacitnsqne
494 3455 651 3505 umbrarum.
689 3465 729 3506 ret
741 3464 880 3519 unguenta,
893 3457 1015 3520 majorem
1026 3469 1059 3505 ex
1071 3454 1221 3508 confusions

121 3535 197 3584 Idem.
689 3531 794 3582 odorem
813 3532 922 3582 creavit.
954 3531 1031 3581 Unde
1058 3531 1158 3594 optima
1179 3543 1223 3580 nn·

153 3610 276 3660 Placidum
290 3623 335 3673 pn·
352 3607 453 3658 membru
467 3608 579 3672 ᾳιιὴιιπι]
595 3606 650 3658 Ant
690 3616 794 3672 guenta,
803 3609 937 3658 amaram
944 3607 1074 3657 deantur.
1090 3607 1144 3657 Hic
1152 3613 1222 3672 post·

120 3689 256 3751 epitheton
268 3693 309 3736 est
324 3685 431 3750 qnietis:
449 3691 494 3734 aut
510 3683 568 3733 ideo
577 3684 651 3747 pinsi-
690 3701 721 3736 ea
740 3685 766 3734 in
786 3684 894 3734 herbam
915 3685 1096 3747 sampsuchum
1126 3684 1222 3735 (dcitur

120 3765 261 3829 damdirit,
277 3763 337 3829 qnia
352 3769 392 3813 est
404 3763 484 3828 quies,
494 3777 553 3826 que
564 3768 652 3826 potest
689 3775 786 3821 versus,
805 3775 883 3825 quam
904 3774 973 3809 anno
994 3774 1130 3810 nmamcsns
1146 3757 1221 3809 disits
1258 3788 1261 3793 ·

120 3839 199 3889 etiam
231 3840 386 3890 somniorum
415 3845 516 3889 terrore
544 3839 652 3889 turbari.
688 3836 793 3887 Samias.

119 3916 225 3967 Senias.
720 3913 851 3962 Amometus
871 3911 1006 3975 adspirans]
1035 3911 1132 3976 Scnlig.
1149 3913 1166 3962 l.
1184 3924 1222 3963 lv.

154 3993 274 4045 Placidum
289 4007 334 4057 per
351 3989 654 4055 mauriacensi
688 3987 819 4038 Assaracus
848 3989 981 4050 ιιὼρίιιιιιι,
1010 3993 1053 4038 est
1083 3986 1154 4052 qnod
1181 4001 1223 4037 sn·

121 4068 412 4133 ubiplncitnsnlegatnr:
431 4068 499 4133 quod
516 4081 653 4131 nonaque
690 4077 736 4128 pm
756 4062 831 4125 dixit,
847 4064 989 4128 ‘sertisque
1010 4063 1159 4115 recentibus
1179 4064 1223 4115 bs·

120 4145 217 4207 placet.
249 4146 349 4196 Placide
370 4145 438 4199 enim
459 4146 597 4209 proprium
611 4151 652 4195 est
689 4140 760 4191 lent!
794 4138 1031 4195 Omniaodmisers
1045 4141 1144 4194 Veneri
1153 4141 1222 4194 dina·
