2708 4694
120 283 207 350 alut
472 295 580 345 nona
604 293 805 344 vnnronou
831 292 873 343 ln

154 440 317 503 securasque
328 439 443 502 utinam]¹
463 439 547 489 Recte
560 446 652 503 optare
693 437 753 487 alibi
766 436 879 487 adhibui.
911 432 1023 502 Antiqui
1042 432 1113 485 euin
1133 446 1228 485 anan!

122 518 240 567 simulat:
266 530 323 564 uam
337 516 462 578 Trojano·
479 518 608 579 placabat,
625 524 652 567 et
693 514 845 564 dividebant
856 515 881 563 in
892 512 989 576 duplex
1000 517 1106 562 tantum
1117 512 1229 578 tenpus,

121 593 169 642 sibi
184 591 428 641 commiserationem
438 593 567 657 captabat
601 594 652 642 Do-
693 591 718 639 in
737 590 847 639 hiemem
867 596 896 640 et
915 595 1043 649 astatum,
1060 588 1133 638 auda
1157 585 1227 639 taen

121 674 198 717 ntus.
693 667 822 714 mentione
832 680 899 714 vern
911 672 938 714 et
950 665 1076 714 antuman
1110 658 1227 727 Cumas,

154 743 229 792 Posti
248 743 333 806 Mens]
365 743 436 792 Beue
454 741 556 793 addidit
569 744 653 793 Pasti:
693 755 751 804 quae
769 740 832 802 dixi,
848 739 982 789 verissima
1000 737 1116 802 alannae
1130 737 1228 803 decipl-

122 835 183 885 qum
193 824 233 868 est
242 824 270 867 et
281 819 411 882 temporis
442 811 547 868 Seruios
692 824 778 880 natur,
798 818 880 882 quim
893 815 1005 880 Virgilio
1014 815 1229 879 pertimea-

154 895 223 958 Seps
243 895 296 942 illos
314 894 408 957 aspera]
441 897 499 944 Nou
521 895 653 944 consilinm
693 894 768 957 prnut
779 900 972 958 tempestatem,
988 900 1017 942 et
1032 891 1228 956 proeellameli·

122 969 203 1032 facto,
222 969 268 1018 sed
288 978 396 1019 eventus
413 971 539 1020 voluntati
558 970 652 1020 delinit.
693 984 777 1034 qnam,
798 983 856 1017 eum
877 969 920 1018 ille
943 966 1117 1032 proculdubio
1143 967 1227 1032 signet

123 1046 240 1095 Μαι.
694 1052 794 1106 partem
810 1045 869 1092 anui
886 1042 1074 1092 incommodam
1085 1044 1225 1108 uastatio·

154 1120 222 1184 δορα
242 1122 297 1169 illos
320 1136 404 1183 aspera
430 1121 496 1184 ponti
512 1121 652 1170 Interclssit
692 1121 774 1168 nibus.
809 1121 895 1171 Cerdo.
1007 1132 1010 1139 '

122 1196 207 1259 biam]
240 1199 277 1246 Ut
298 1198 348 1258 liic,
369 1197 443 1245 biems
460 1197 600 1259 interstruit,
619 1198 651 1246 ad
716 1196 1225 1262 lllEentisllreenpieutes.at‚‘0m

122 1273 229 1324 verbnm
240 1273 336 1333 Graeci,
346 1272 433 1332 χυμὸν
443 1270 574 1322 ἐνέκλεισε.
602 1274 654 1322 Ds-
692 1284 810 1320 oauerem
820 1285 894 1336 reges
903 1278 932 1321 et
941 1272 1030 1335 praelia
1040 1273 1056 1333 ς’
1074 1273 1102 1323 ld
1112 1280 1224 1338 agean

122 1348 266 1397 mostbeues
285 1348 310 1396 iu
333 1347 492 1397 Chersoneso
504 1349 541 1398 ita
552 1349 654 1411 extulit,
692 1360 786 1396 canere
798 1348 909 1397 vellem:
931 1354 960 1397 et
980 1364 996 1397 a
1018 1348 1125 1401 omen
1146 1348 1226 1415 figura

122 1426 216 1485 χαμῦνι
227 1423 407 1485 holmum:
435 1423 531 1473 ibldem
543 1424 580 1473 ita
591 1439 654 1488 qno·
693 1430 749 1482 est;
765 1423 810 1472 ubi
822 1425 944 1473 statuisse
955 1425 1052 1490 aliquid
1067 1439 1117 1489 pru
1127 1425 1226 1477 incisos·

122 1515 181 1564 que,
200 1500 247 1548 ἀπὸ
264 1503 312 1548 τῶν
330 1499 466 1560 πνευμάτων
483 1500 516 1561 μὴ
535 1499 653 1551 δύνασθαι.
693 1500 763 1548 tione
775 1499 941 1550 haberentur.
973 1499 1083 1552 Sorrina.

121 1575 249 1626 Aristides
266 1577 429 1640 Egyptians,
447 1575 597 1638 ἀναχθέντος
615 1575 655 1624 τό·
727 1576 827 1640 Enati]
859 1575 1225 1643 Sapeboepartieipiuman·

121 1669 167 1702 ran
180 1651 246 1701 dixit
263 1658 344 1716 aperto
360 1655 408 1701 loco
426 1654 534 1719 loquens
546 1654 578 1703 de
591 1653 654 1702 mari
694 1660 783 1702 uatum
795 1654 923 1718 quendam
932 1654 1227 1721 significantestesmo·

121 1733 150 1776 et
167 1728 379 1791 navigationibus,
412 1727 655 1793 AuctorestVege·
696 1729 734 1778 tio
753 1729 779 1777 in
801 1731 896 1779 Miner.
909 1746 935 1794 p.
944 1735 985 1781 68.
996 1731 1033 1781 sie
1049 1732 1131 1782 ‘dira
1143 1740 1226 1798 tegea-

124 1803 184 1865 tiua,
196 1803 282 1852 alandi
293 1807 399 1853 marias
416 1805 458 1854 die
470 1806 549 1855 tertio
561 1805 654 1854 iduum
696 1803 757 1854 tem'
775 1805 833 1854 AEu.
845 1811 953 1856 11498.
971 1821 1020 1870 pro
1030 1808 1182 1871 cupientem
1192 1808 1229 1858 ts·

123 1878 289 1940 Novembris,
315 1881 437 1945 usquein
458 1881 527 1929 diem
553 1888 654 1930 sextum
695 1895 775 1942 gere:
794 1888 820 1930 et
831 1894 871 1932 rx.
883 1887 940 1933 248.
958 1884 1029 1933 ‘Vn
1039 1883 1111 1934 fallit
1128 1881 1228 1935 euntis!

122 1952 216 2005 Iduum
235 1956 334 2006 Martii.
368 1957 518 2006 Illustratur
536 1959 656 2007 Lucanus
696 1957 838 2006 Emenso.

122 2032 139 2081 l.
151 2045 179 2081 v.
195 2032 313 2081 ‘clausas
328 2034 412 2081 ventis
433 2031 590 2080 bmmalibus
609 2047 656 2081 uu·
728 2037 776 2082 112
794 2031 928 2096 Proripae]
953 2035 1053 2084 Contra
1064 2033 1141 2098 illud,
1152 2032 1227 2084 uadi

124 2105 169 2156 das
182 2106 655 2170 iuvenit,etpavidasbibemosidere
695 2116 799 2156 seretur
810 2109 913 2158 numina
924 2123 973 2158 uon
985 2124 1043 2160 esse
1053 2111 1168 2174 placata.
1195 2108 1227 2159 Bt

122 2182 235 2231 classes?
268 2183 337 2233 llluo
348 2197 411 2245 ergo
422 2184 556 2233 commode
575 2184 656 2249 expli·
695 2181 1012 2248 beuealiudagens,eqni
1025 2184 1227 2235 mentiouemla-

123 2258 195 2308 cabis
205 2259 358 2309 Maronem:
385 2275 445 2322 nou,
463 2261 545 2324 biens,
565 2261 590 2309 id
608 2268 656 2324 est,
695 2261 819 2311 troduxit.
853 2261 957 2312 ueram

124 2341 274 2399 tempestas,
285 2341 313 2383 nt
324 2337 419 2399 vulgo:
445 2338 490 2385 sed
501 2351 563 2385 vore
574 2338 656 2395 bisons,
729 2336 958 2400 Trnbibusaccrnis]
989 2338 1111 2402 Speciem
1126 2352 1173 2404 pro
1187 2350 1228 2401 gt·

124 2425 181 2474 quas
201 2410 317 2460 clarrslit:
342 2426 400 2460 uam
420 2419 588 2474 tempestates
605 2412 655 2460 alio
694 2427 756 2462 uere
778 2414 871 2477 poenit,
889 2413 916 2461 id
935 2422 984 2476 est,
1004 2429 1053 2478 pro
1076 2426 1226 2480 quoeunque

124 2499 226 2549 quoque
254 2493 370 2549 tempore
402 2489 512 2537 excitari
541 2495 656 2551 possunt.
693 2491 772 2553 liguo.
815 2491 882 2539 Nam
903 2491 985 2539 variat
1007 2490 1071 2554 ligni
1092 2489 1227 2554 generula

124 2560 290 2611 Cassiodorus
301 2565 379 2625 epist.
389 2577 439 2613 ιιι.
449 2565 584 2613 lincoln
597 2579 657 2613 ven·
694 2565 743 2614 lroc
763 2580 838 2630 equo,
857 2574 894 2631 ut,
911 2566 988 2614 abiete
1005 2571 1091 2629 costm,
1112 2573 1141 2616 et
1160 2566 1228 2630 pisse

125 2638 158 2686 tis
169 2639 333 2688 amvientibus
354 2655 424 2690 mare
443 2641 522 2690 suerit
534 2644 658 2705 clausum,
694 2643 805 2703 ebusina,
816 2642 852 2689 lta
862 2642 904 2690 bie
915 2641 1015 2691 nomas.
1048 2640 1133 2692 Idem.

124 2712 167 2762 via
185 2714 258 2762 vobis
278 2715 401 2778 panditur
422 2731 470 2779 per
489 2717 658 2765 amunissima
729 2719 774 2764 11³
792 2716 902 2779 AEstere]
929 2715 1053 2765 AEtberem
1064 2716 1230 2782 proa‘e'repo·

123 2786 277 2839 fluviorum!
317 2792 415 2842 Scribit
433 2793 559 2856 Polybius
577 2793 622 2841 lib.
637 2806 658 2841 1.
695 2791 1003 2853 suit,Poitienliceutls.
1038 2790 1145 2841 Senius

124 2866 295 2916 miserabilem
308 2868 418 2930 cladem,
436 2884 511 2934 quam
532 2883 607 2931 passa
617 2875 658 2918 est
728 2871 775 2916 lld
793 2866 917 2928 Suspensi]
947 2865 1077 2915 Solliciti:
1104 2874 1143 2930 ut,
1158 2867 1229 2916 ‘uns-

125 2942 212 2990 classis
226 2943 340 2991 Romana
352 2945 500 2994 temeritate
512 2946 658 3007 (brnsnlnm,
695 2950 788 3006 troque
800 2942 826 2989 in
837 2941 924 2989 linrine
936 2939 1052 3002 pendeus
1063 2941 1079 3002 ς’
1105 2941 1167 3005 quia
1183 2953 1228 2991 aaa

125 3017 229 3082 quinon
242 3018 331 3067 debito
349 3020 408 3068 anui
421 3027 536 3083 tempore
555 3034 582 3068 se
594 3021 658 3068 mari
696 3026 836 3081 tempestas
848 3016 983 3080 postdoua
994 3015 1155 3066 mutabatur.
1179 3017 1230 3068 lus

124 3094 317 3143 commiserunt.
347 3096 658 3157 Enpertineutetverba
696 3092 831 3142 adaimbns
852 3090 976 3151 refertur,
995 3089 1164 3141 distinctione
1180 3104 1231 3142 raa·

123 3169 187 3219 lulli
207 3168 302 3217 Gallio.
322 3170 340 3217 l.
360 3184 384 3218 n.
400 3171 491 3221 ‘Quas
512 3185 587 3218 naves
599 3186 658 3219 cum
697 3176 761 3226 tata,
779 3174 808 3217 ut
825 3167 1020 3230 distinguamus,
1030 3167 1106 3215 nimbi
1118 3166 1229 3233 mspean'.

125 3244 272 3308 aliquandiu
300 3243 396 3294 trustra
426 3254 598 3307 expectasset,
626 3260 658 3294 ue
696 3244 779 3293 Idem.

124 3320 184 3369 anui
197 3326 313 3382 tempore
330 3321 492 3384 navigatione
510 3321 658 3370 excludere-
728 3320 853 3382 Suspensi]
877 3318 909 3367 Id
928 3321 1024 3383 «131,τῇ
1043 3319 1128 3386 γήμῃ
1145 3328 1231 3371 sano·

125 3402 177 3458 tur,
196 3394 265 3458 quod
281 3397 462 3459 aequinoctium
481 3397 595 3455 suberat,
614 3412 658 3446 ue·
694 3396 815 3460 senopivp.
850 3396 1071 3461 Dnoiturqnippe
1079 3398 1230 3462 metaphora

125 3472 236 3521 cessario
248 3473 378 3534 angustius
389 3473 483 3522 milites
501 3475 658 3523 collocavit!
696 3473 729 3521 ab
741 3472 899 3536 aqnilibriis,
909 3487 968 3520 cnm
979 3486 1115 3536 suspensa,
1122 3479 1151 3523 et
1163 3486 1230 3523 eree·

124 3548 211 3597 Livius
231 3549 248 3597 l.
268 3561 356 3598 xxvtr.
377 3549 461 3599 bieme
480 3551 569 3598 clausus
586 3551 658 3613 Alpes
696 3558 723 3598 tn
742 3550 768 3597 in
787 3549 881 3597 nnllam
902 3554 1001 3610 partem
1021 3548 1166 3600 inclinant:
1194 3549 1230 3599 ita

125 3625 421 3684 adbibet‚utaliiclnusn
431 3627 516 3674 morio.
551 3627 658 3675 Contra-
696 3623 811 3688 suspensi
844 3630 919 3672 eraut
954 3623 1031 3671 animi
1069 3623 1232 3687 Grrecorutm

125 3704 191 3751 rinm
204 3701 310 3750 verbum
328 3708 369 3750 est
385 3708 476 3765 apertu.
509 3702 608 3752 Plinius
625 3716 656 3751 11.
696 3716 763 3761 curn,
775 3709 803 3749 ot
816 3699 912 3748 vellent
923 3697 1061 3761 decedere,
1071 3705 1101 3749 et
1113 3699 1230 3764 probibe-

125 3783 165 3828 17.
191 3779 257 3826 ‘ver
279 3794 341 3841 ergo
366 3779 451 3842 aperit
478 3779 657 3842 navigantibus
695 3784 794 3826 rentur.
830 3775 917 3824 Livins
933 3774 1003 3823 clare
1016 3774 1061 3823 lib.
1074 3788 1155 3826 xm.
1171 3773 1230 3826 ‘di-

125 3853 213 3914 maria,
226 3855 297 3916 enjus
314 3855 340 3901 iu
358 3855 486 3918 principio
505 3855 609 3903 Favonii
620 3854 658 3902 bi·
696 3859 790 3917 quante
809 3849 914 3900 fortuna
924 3864 1046 3913 suspensa
1057 3851 1145 3900 onmia
1155 3850 1230 3902 atri!-

125 3929 233 3979 beruuru
245 3931 363 3979 molliunt
374 3931 484 3980 colum!
527 3932 601 3980 l’lato
621 3931 658 3979 ait
696 3943 746 3992 que
758 3934 841 3989 eraut,
850 3928 952 3990 integra
962 3940 1018 3988 spe,
1030 3926 1135 3991 integro
1146 3926 1230 3977 meta!

125 4004 176 4069 leg.
195 4006 214 4054 l.
226 4018 277 4054 xrr.
290 4006 380 4055 astino
391 4015 508 4069 tempore
519 4006 614 4069 aperiri
625 4005 658 4054 ad
696 4004 820 4067 Loquitur
844 4004 949 4051 omnino
969 4016 1030 4050 cnm
1050 4010 1174 4068 respectu
1198 4000 1229 4054 ad

125 4081 297 4144 navigandum
324 4081 412 4132 maria.
467 4083 519 4130 Sed
546 4082 660 4146 loquitur
697 4079 876 4144 aequilibrium,
899 4094 957 4128 nam
985 4092 1045 4141 spes
1072 4079 1185 4146 integra,
1204 4080 1230 4130 dt

125 4156 204 4207 Plato
224 4158 315 4221 procul
338 4158 416 4209 dnbio
439 4173 472 4208 ex
493 4166 562 4224 nota,
582 4173 659 4225 quam
696 4162 781 4206 matus
802 4154 871 4206 iuter
890 4152 978 4205 omnia
997 4155 1151 4222 aequabant,
1171 4154 1227 4207 idat
