2708 4694
126 337 214 404 2598
482 346 590 397 noun
611 334 813 398 vlnionuu
836 340 877 397 tlt

126 492 354 560 lebauturquippe
376 491 538 542 uolneribus
557 491 660 557 patrias,
695 491 809 555 pretium
829 506 846 541 a
865 487 968 541 Grecis
980 489 1081 540 occisus
1093 482 1221 555 sillnpidiv

127 575 229 624 diversa
239 571 316 623 exilis
325 577 353 622 et
366 577 493 620 terrarum
506 569 658 619 solitudines
696 567 755 617 bns:
773 567 889 632 quamvis
900 566 960 617 lruic
973 565 1089 631 opinioni
1106 566 1229 632 Virgilium

127 649 249 714 petituri:
275 646 324 696 lroc
352 644 421 695 euim
445 644 521 695 modo
546 644 660 694 Desertus
695 656 747 692 non
768 641 924 692 consentiat.
956 642 1084 692 Nonnulli
1106 642 1222 694 adserunt

126 729 204 773 imos
230 723 426 786 interpretatur.
458 721 561 770 Servius
588 735 659 783 vero,
695 716 852 767 Antandron
880 717 989 767 intelam
1024 731 1083 767 esse
1117 719 1228 768 ricinum·

127 813 204 864 quoto
217 798 318 848 rideret
332 797 434 858 Terras,
444 796 532 846 AEneas
544 795 605 847 fatis
614 796 658 845 de·
694 793 811 857 Troianis
823 793 984 858 regionibus3
1001 793 1035 843 ab
1051 794 1101 844 isac
1119 792 1231 860 populo.

127 874 204 934 bitus,
214 873 344 924 hominum
355 872 457 935 robore,
465 878 493 921 et
503 871 658 937 frequentin,
696 870 797 932 Medos,
807 876 913 919 coactos
931 870 983 919 loci
999 869 1129 935 angustis,
1144 870 1177 920 ad
1192 869 1231 919 sl.

126 957 155 999 et
180 949 260 1000 ubere
286 949 369 1014 glebae
386 949 569 1011 commendari,
591 964 659 999 corn·
695 945 753 994 cina
772 943 1015 1010 littoraprofectos‚
1035 946 1170 996 civitatem
1180 946 1230 996 Aa·

126 1033 229 1078 mentua
251 1037 301 1084 est.
324 1041 373 1076 non
396 1026 592 1088 solitudinarias,
613 1031 658 1076 aut
693 1024 796 1071 tandm
806 1036 838 1071 ex
850 1021 952 1072 nomine
964 1022 1058 1085 patriae
1074 1022 1223 1089 condidisse.

126 1102 246 1165 incultas,
260 1101 306 1151 sed
318 1117 333 1150 s
344 1101 469 1150 Dardano
480 1101 605 1164 desertas,
620 1102 658 1150 ln·
695 1097 746 1147 Atii
767 1115 783 1148 a
803 1099 1002 1162 Polymnestore
1013 1099 1134 1149 occisum
1141 1100 1223 1163 dlcnpt

127 1180 279 1243 terpretari:
298 1192 356 1242 qnae
367 1178 504 1241 sententia,
522 1178 586 1227 sicui
606 1195 658 1230 ms·
695 1174 1069 1239 pottevemnt'l'rojam‚ctin
1076 1175 1222 1240 mariapre·

125 1253 163 1317 gis
174 1253 300 1315 adrideat,
321 1267 372 1301 uon
385 1252 481 1302 laboro.
515 1254 582 1304 Sane
595 1269 657 1307 vcro
694 1250 840 1314 cipitntnm·
856 1250 937 1314 Cujus
944 1265 1022 1316 qnnnt
1031 1251 1223 1302 mntrrflecuba

59 1377 64 1381 ,
124 1334 192 1392 sunt,
203 1328 247 1393 qui
261 1327 405 1392 respexisse
414 1327 551 1392 Virgilium
560 1330 658 1395 dicant,
694 1327 839 1389 agnovisset
849 1326 969 1390 cadaver,
985 1341 1045 1376 cum
1064 1326 1170 1390 captiva
1184 1327 1231 1376 dm:

126 1402 158 1452 ad
177 1404 286 1467 primam
306 1403 378 1452 urbis
399 1402 490 1454 Roma
511 1405 658 1458 edificatio·
693 1408 806 1463 ceretur,
831 1400 917 1452 tiendo
941 1403 969 1452 iu
991 1417 1086 1453 canem
1104 1417 1223 1453 converso

125 1494 198 1531 uem:
216 1493 292 1545 quarn
313 1479 408 1530 Strabo
428 1480 493 1530 dicit
511 1494 562 1531 uon
584 1492 657 1561 apto,
694 1486 743 1541 est,
770 1494 828 1528 cnm
856 1494 883 1528 se
905 1479 1077 1551 precipitare
1098 1480 1178 1530 vellet
1199 1479 1222 1527 in

125 1569 209 1620 neque
239 1552 330 1606 idoneo
363 1557 420 1606 loco
452 1557 570 1620 positam,
600 1561 656 1609 solo
693 1554 782 1604 marin·
815 1555 893 1606 antl
909 1555 969 1605 ideo
985 1553 1105 1621 fingitur,
1121 1555 1180 1621 qnia
1189 1553 1229 1604 ni·-

126 1647 209 1698 ueque
231 1632 322 1696 feraci,
343 1648 428 1700 neque
451 1648 513 1698 egro
540 1635 602 1686 satis
622 1637 655 1687 sd
693 1630 744 1680 mio
754 1631 843 1680 dolote
855 1632 966 1681 inaniter
982 1630 1087 1682 Graecis
1103 1630 1221 1685 convitii·

125 1707 245 1759 olendum
261 1709 387 1774 spacioso,
403 1711 448 1761 sed
468 1725 544 1776 quent
564 1714 657 1762 Romu·
694 1704 778 1756 Μυῒ.
806 1707 885 1756 Idem·
930 1739 934 1745 -
999 1771 1000 1775 Ἰ

127 1784 165 1832 lus
183 1792 212 1835 et
232 1785 329 1835 Remus
340 1787 495 1836 necessitate
506 1789 599 1851 coacti,
610 1803 656 1852 po·
724 1787 741 1832 (i
756 1784 881 1832 Attnndtt
892 1788 916 1833 et
928 1782 1058 1847 Phrygia,
1073 1785 1128 1849 ta]
1143 1783 1175 1835 In
1185 1798 1223 1835 ex·

126 1858 177 1911 tius
196 1876 272 1926 quam
284 1863 427 1926 voluntate,
442 1864 578 1914 coluerint.
613 1865 656 1915 Ita
694 1860 850 1924 empla'rilnrs
857 1854 955 1926 eduum
965 1861 1090 1926 antiquis,
1097 1863 1222 1928 absquert

125 1936 307 1998 euimStrsbo,
318 1936 403 1986 Κοίου
420 1937 466 1997 τὴν
482 1938 571 1999 ’νόμην
582 1940 607 1988 ἐν
617 1939 657 1989 τό·
693 1936 822 1999 particula
841 1937 1001 2000 copulativa.
1011 1937 1118 2001 legitur,
1137 1941 1230 1988 m.

124 2026 176 2059 trote
200 2012 227 2059 od
250 2012 307 2076 cpio
331 2013 419 2077 αἵρεσιν
444 2015 578 2077 pandant
599 2016 657 2079 πρὸς
692 2013 744 2073 tire,
771 2012 888 2076 Phrygiae
902 2013 1012 2063 notem
1031 2013 1153 2064 metitus
1166 2014 1221 2063 Idae.

123 2085 229 2149 ἀνάγκην
251 2089 396 2149 ἐπιτηδείοις,
412 2091 466 2139 οὔτε
486 2091 534 2155 γὰρ
560 2092 657 2154 ἐρυμνὸν
692 2087 789 2136 Verum
810 2105 841 2137 ea
867 2088 997 2152 particulo
1020 2079 1144 2140 nis'nirum
1170 2091 1222 2142 loco

123 2162 152 2210 ηδ
166 2162 258 2226 ἔδαφος,
274 2165 329 2213 οὔτε
339 2165 419 2227 χώραν
429 2165 517 2214 οἰκείαν
534 2165 593 2229 ἔχον
611 2167 657 2227 τὴν
692 2165 741 2214 lroc
753 2172 780 2213 ot
790 2166 935 2215 necessaria
945 2175 995 2228 est,
1013 2175 1043 2216 et
1063 2166 1097 2217 ad
1110 2173 1222 2218 venusta·

124 2236 463 2304 πέριξδσηπόλειπρδοφοροο.
481 2243 656 2307 insuperiori·
673 2270 676 2277 ·
694 2250 747 2308 tem
758 2241 969 2294 iecerevidetur.
1003 2245 1112 2296 Pieriae.
1207 2239 1210 2245 ⁴

125 2313 170 2362 bus
182 2315 268 2363 autem
280 2315 350 2379 quod
359 2318 465 2380 vulgata
474 2319 561 2382 legunt
571 2335 656 2370 exeru-
724 2317 774 2367 Suo
790 2321 841 2381 t'psu
850 2319 986 2385 Amendae]
1002 2321 1048 2372 Ob
1060 2320 1222 2372 commodiu-

124 2389 301 2452 pleria,oisum
311 2390 417 2455 Superis,
437 2401 525 2443 vetera
537 2397 655 2459 quedam
693 2401 745 2443 tem
756 2403 784 2443 et
795 2396 894 2458 copiam
912 2399 983 2460 (utor
1001 2397 1091 2447 verbis
1109 2395 1221 2448 Turnebi

123 2466 229 2529 lrabent,
245 2468 320 2516 mmm
331 2473 365 2517 est
377 2468 483 2532 duperia,
494 2471 655 2522 substantivo
692 2482 760 2519 xvir.
772 2471 810 2531 6.)
822 2472 916 2521 navalis
926 2473 1043 2522 materiae
1055 2488 1090 2522 ex
1099 2472 1150 2525 Ida
1158 2487 1221 2523 mou

19 2569 44 2591 ο
125 2543 367 2607 verbointcrjeeto:
386 2547 454 2610 quod
471 2549 665 2610 quamvisver-·
692 2553 718 2594 tc
735 2547 807 2611 quani
827 2562 860 2596 ex
881 2546 998 2610 inurentes
1019 2550 1098 2599 Maro
1119 2550 1220 2599 AEneam

124 2635 179 2669 surn
207 2623 406 2672 numerosiorem
430 2622 527 2672 iaciat:
557 2625 654 2691 absque
692 2622 820 2672 Antnndti
838 2625 945 2675 classem
961 2625 1110 2685 edificasse,
1125 2626 1220 2676 scribit·

124 2711 155 2745 eo
173 2703 257 2745 tamen
278 2704 410 2748 structura
431 2700 534 2750 videtur
553 2703 654 2765 elegon-
691 2699 750 2749 Quo
761 2700 817 2748 loco
829 2701 981 2766 plerumque
998 2715 1079 2751 naves
1091 2700 1221 2751 strueban-

124 2772 181 2821 tior.
216 2774 296 2822 Missa
323 2789 384 2823 vero
411 2777 471 2837 siut,
495 2791 551 2839 quae
574 2779 655 2827 multa
693 2781 742 2833 tur,
764 2783 832 2824 teste
854 2777 1027 2840 Xenophonte
1040 2778 1147 2828 Hellen.
1167 2778 1184 2826 l.
1204 2791 1220 2825 r.

123 2862 201 2912 snper
216 2848 299 2909 semet
320 2850 454 2914 disputant
477 2852 654 2917 Gramrnatiei,
692 2848 801 2899 trimme
828 2856 997 2914 ναυπηγεῖσθαι
1027 2855 1055 2903 ἐν
1085 2855 1220 2917 'Anubim

123 2923 144 2971 si
159 2924 248 2973 dixero
261 2927 465 2977 Comminiauum
484 2945 600 2980 asserere
611 2931 655 2990 se·
692 2926 850 2989 Iterumne
859 2929 1221 2996 tamewnnnopebme

122 3004 178 3062 runi,
195 3001 244 3049 hoc
268 3002 324 3050 loco
344 3004 513 3055 solecismum
534 3023 589 3057 esse
607 3024 654 3072 per
690 3005 765 3064 ntirn·
801 3005 848 3055 Hit
868 3007 936 3056 adde
954 3009 1113 3060 Strabonem
1132 3011 1150 3058 l·
1163 3022 1221 3059 ¹11¹·

123 3082 233 3138 ternpus.
267 3078 368 3127 Pierius.
691 3079 735 3142 qui
751 3080 828 3129 docet
848 3081 957 3132 eundem
975 3083 1056 3134 tuisse
1071 3083 1220 3147 locum,ubi

155 3151 305 3213 teugario
322 3155 416 3214 utimar
434 3156 526 3219 diruto]
544 3158 595 3206 Pro
616 3174 653 3207 or.
691 3169 706 3202 a
727 3155 822 3204 Paride
839 3158 992 3210 dissidentes
1009 3161 1138 3224 judicate
1158 3164 1219 3213 Dete

123 3226 211 3283 lentis;
231 3227 256 3274 id
269 3237 316 3289 est,
336 3244 368 3277 ex
388 3229 497 3292 flamma,
515 3249 571 3295 quae
592 3243 654 3283 tem.
690 3237 758 3279 sunt.
791 3234 936 3297 Stephanus
961 3234 1034 3285 πόλιν
1061 3239 1157 3289 statuit
1180 3237 1220 3286 ixl
1242 3262 1247 3272 =

124 3316 185 3364 pora
198 3301 304 3352 Asconii
317 3313 390 3368 pasta
410 3314 459 3365 est,
475 3321 549 3357 errrsu
562 3310 653 3373 stelin,
689 3307 735 3364 riv
749 3309 826 3367 Ἴδην.
861 3312 917 3360 Nec
934 3314 1012 3362 aliter
1023 3315 1121 3366 Strabo
1133 3317 1150 3364 Ι.
1162 3331 1219 3366 xrrr.

123 3387 150 3426 et
171 3378 276 3429 Criusae
299 3381 480 3444 admonitione,
500 3401 556 3449 qun
578 3387 653 3451 dixit,
684 3383 825 3448 Ἄντανδρος
848 3386 1010 3448 ὑπερκείμενον
1025 3389 1119 3452 ἔχουσι
1135 3392 1220 3457 imni

120 3455 176 3503 ·.to
189 3462 285 3505 terram
298 3458 567 3521 Hesperiamvenius!
585 3465 652 3515 Sero.
690 3463 787 3510 καλοῦσι
811 3461 995 3526 Ἀλεξάνδρειαν,
1024 3481 1039 3515 8
1063 3469 1163 3533 Poride,
1179 3470 1219 3535 qui

151 3531 200 3580 Sub
227 3533 280 3596 ipso
301 3533 435 3598 Antandro]
454 3537 537 3587 Juxta
558 3538 653 3588 Antan·
690 3537 768 3587 etiam
785 3537 1095 3593 dictussuitotemoer.
1128 3544 1221 3595 Antan·

122 3607 205 3657 tirum.
239 3611 286 3658 Est
305 3619 392 3660 sutem
410 3612 501 3662 civitas
523 3615 653 3680 Phrygiae,
690 3613 751 3662 drus
771 3628 838 3663 nunc
856 3615 883 3663 S.
910 3617 1016 3664 Dimilri
1032 3620 1163 3683 scriptore
1177 3622 1219 3669 So·

122 3685 193 3733 dicta
212 3685 356 3748 Antandros,
374 3689 414 3737 vel
434 3691 501 3754 quod
519 3691 550 3738 de
563 3690 652 3740 Andro
691 3691 791 3751 puiano.
824 3692 975 3753 Deorigiue
987 3694 1099 3743 nominis
1110 3695 1220 3759 disputat

121 3762 270 3811 insulanam
284 3766 455 3815 condiderunt
473 3769 565 3827 coloni,
582 3770 652 3832 qnasi
689 3767 724 3815 Is.
734 3767 840 3817 Vossius
850 3767 883 3816 ad
895 3769 991 3817 Melam
1001 3783 1020 3817 1.
1033 3775 1075 3819 18.
1102 3772 1219 3822 Meminit
1254 3781 1261 3798 ⁸

121 3837 275 3902 inlirlpov:
294 3843 334 3890 vel
347 3843 407 3906 quia
418 3845 505 3893 Gra‘ei
520 3847 652 3894 venientes
688 3845 763 3907 lrujus
784 3845 862 3893 Ovio.
879 3847 946 3896 Met.
959 3860 1024 3895 xus.
1041 3853 1101 3900 627.
1119 3847 1219 3912 ‘prosu-

120 3918 321 3981 per'l'nracianr,
332 3930 457 3982 ceperunt
477 3921 650 3983 Polydorum:
688 3938 771 3987 gnque
790 3937 836 3985 per
856 3939 961 3987 aequora
979 3925 1064 3973 classe
1084 3928 1178 3976 Fertur
1188 3927 1219 3975 sir

122 4007 169 4055 pro
181 3994 255 4057 cujus
275 3997 358 4058 pretio
377 3998 442 4046 itanc
455 3999 651 4061 arcepcrecivi·
690 3997 841 4047 Antandro)
875 4001 1019 4050 Eumenem.

121 4074 211 4128 talem,
229 4086 286 4135 quae
306 4087 339 4120 en
358 4073 429 4122 l'ucto
446 4075 652 4138 nomeuoccepit
723 4076 837 4138 Phrygiae
864 4078 928 4140 Ida]
966 4075 1008 4124 Ad
1038 4077 1218 4128 discretionem

121 4146 265 4199 Autottdror.
276 4147 301 4195 id
312 4157 361 4211 est,
373 4138 481 4213 propter
492 4150 574 4198 virum
581 4151 650 4200 data.
689 4153 826 4202 Cretensis.
860 4153 967 4203 Seruius.
1190 4147 1192 4150 ⁴

121 4218 215 4267 Fertur
231 4228 316 4272 tsnren
342 4225 411 4287 quod
434 4232 495 4288 post
512 4233 651 4291 acceptum
721 4227 864 4292 Monuni
881 4228 1060 4295 truncamus,
1094 4245 1219 4296 warnos.
