2708 4694
468 331 613 383 uranu..
657 332 796 381 ranam.
820 330 876 381 rna
1135 312 1224 379 2709

120 479 200 524 ures.
215 474 320 525 ‘Greci
335 475 400 525 item
418 473 514 539 τέρθρον
532 485 651 527 antennae
689 488 749 539 que,
770 489 798 525 se
821 488 871 523 non
893 479 953 523 ante
976 485 1123 522 reversuros
1145 479 1222 538 quant

121 552 652 614 sumnrnrneatremnurquejugumvocaut:
690 550 845 600 Messeniam
863 555 1062 614 expugnassent.
1094 548 1146 598 Sed
1162 562 1228 598 curn·

120 624 192 674 unda
206 622 305 688 rlptpns
316 626 361 691 qui
376 633 506 676 extremos
523 627 572 676 reli
587 626 652 677 fines
689 628 801 678 victores
819 628 915 676 reversi
932 633 1028 682 essent,
1045 624 1222 689 vidissemque

122 701 235 750 tendunt
260 701 395 751 rudentes:
424 703 518 751 Horat.
556 703 565 729 ‘
592 704 652 752 Non
690 706 881 756 multitudinem
894 706 1029 768 juvenum,
1040 703 1082 766 qui
1094 716 1127 750 ex
1139 706 1224 752 serru-

121 773 173 824 huc
183 776 280 825 Sidonii
292 783 421 826 torserunt
437 792 532 827 cornua
547 778 652 830 nautae!
691 796 747 830 rum
764 790 791 831 et
808 782 967 831 dominarum
984 779 1223 842 virgiunmenucu·

122 850 264 901 cmm·
603 868 608 874 “
691 857 907 922 hitu,ntquidarn
926 857 1024 916 volunt,
1039 854 1157 902 sineulln
1174 853 1224 902 dis·

151 929 248 977 cmm
258 926 363 989 culm]
380 931 444 981 Quae
459 929 546 978 Greci
556 929 652 993 depart-
689 934 798 983 crimine
809 934 956 998 nuptiarum
967 932 1023 980 nati
1040 937 1125 992 erant,
1135 943 1223 979 seruos

121 1022 186 1066 pera,
197 1005 315 1054 Moenus
326 1005 342 1053 l.
354 1017 415 1053 vnr.
431 1006 440 1032 ‘
452 1020 562 1055 summm
578 1022 652 1057 cern·
689 1009 814 1073 patibulis
825 1009 986 1069 sustinerunt,
997 1006 1063 1055 tilios
1079 1006 1223 1067 strangula-

122 1079 193 1151 clros'
211 1087 296 1129 vocat.
330 1080 388 1129 Hoc
409 1087 459 1143 est,
481 1083 574 1131 Cornua
592 1091 652 1132 sunt
689 1093 791 1146 verunt,
811 1092 917 1148 nepotes
932 1083 1104 1147 fugaverunt:
1122 1080 1176 1141 sed,
1194 1086 1223 1129 nt

123 1157 304 1205 extremitates
312 1161 428 1219 anteum,
440 1158 601 1221 quoelignnm
613 1167 653 1211 eat
689 1161 732 1209 alii
750 1161 850 1222 dicunt,
861 1160 990 1221 timenter,
1002 1172 1034 1206 ne
1051 1173 1100 1222 qna
1119 1171 1151 1205 ex
1172 1157 1221 1205 illis

125 1241 297 1281 transversum
309 1232 334 1280 in
345 1233 414 1293 malo,
424 1234 493 1297 qnod
505 1235 588 1284 velunt
599 1251 653 1285 sns-
689 1236 819 1284 discordia
837 1242 997 1296 naaceretur,
1013 1248 1116 1297 pueros,
1127 1233 1170 1297 qul
1189 1246 1222 1280 ex

124 1308 205 1358 tinet:
222 1307 290 1356 nude
307 1309 390 1358 reluta
407 1309 450 1357 hic
469 1309 593 1360 dicuntur
610 1326 653 1360 urr-
690 1312 817 1373 viginibus
828 1314 880 1360 nati
893 1319 976 1372 erant,
988 1311 1131 1359 Parthenios
1148 1322 1222 1357 voca-

123 1391 209 1444 terurae,
218 1384 244 1432 id
256 1391 306 1446 est,
317 1385 373 1433 velo
385 1385 516 1434 involute.
549 1389 592 1437 De
603 1388 653 1448 dis-
690 1394 792 1446 verunt,
804 1394 831 1436 et
843 1387 997 1434 Phalantum
1009 1386 1047 1433 eis
1058 1384 1151 1432 ducem
1163 1397 1222 1431 con-

123 1458 252 1523 positione
269 1467 355 1509 antem
373 1460 447 1522 nujus
464 1474 551 1509 versus
565 1477 655 1511 consu·
690 1463 839 1512 stituerunt.
871 1460 922 1510 Sed
934 1460 969 1522 hi,
981 1473 1040 1508 cum
1053 1459 1183 1507 venisseut
1195 1457 1221 1507 in

124 1533 192 1584 latur
213 1535 345 1584 Pantanus
364 1536 390 1584 in
410 1536 497 1600 Actio,
515 1546 543 1587 et
560 1540 654 1603 scalig.
689 1536 802 1599 Italiam,
813 1552 828 1584 a
840 1536 951 1600 quodam
969 1534 1114 1596 sepulchro,
1130 1535 1172 1582 eui
1184 1534 1222 1580 iu-

124 1609 202 1659 Puer.
214 1624 251 1659 ιν.
262 1615 303 1659 48.
338 1609 480 1659 Touitenos.
689 1614 814 1677 scriptum
839 1618 897 1661 erat
921 1612 990 1660 Taroe
1009 1625 1111 1672 nomen,
1130 1610 1237 1657 urbern·

159 1685 319 1748 otrentum]
332 1685 480 1748 Regressnri
491 1700 524 1734 ex
533 1686 654 1737 Calabria
689 1688 819 1738 conditam
843 1690 969 1737 Tarentum
991 1687 1122 1735 dixerunt.
1162 1687 1222 1736 Hoc

124 1769 153 1810 et
164 1761 291 1823 partrilla
308 1760 403 1823 ltalia,
414 1763 575 1828 alterumque
586 1766 653 1816 latua
689 1773 777 1814 sutem
797 1766 931 1829 oppidum,
950 1772 1007 1826 post
1029 1764 1124 1812 multos
1143 1776 1223 1812 annos

125 1836 240 1900 petituri.
273 1837 347 1885 Ideni.
690 1840 786 1889 excidii
797 1842 909 1901 Iliensis,
920 1839 1051 1889 coudttnnr
1070 1838 1171 1902 qnidam
1185 1838 1222 1887 di

158 1915 207 1959 56⁰
224 1911 529 1979 Grajagmmquemm]
548 1916 592 1965 Sic
613 1923 655 1967 est
690 1925 762 1968 cunt.
797 1919 850 1968 Alii
861 1920 960 1980 dicunt,
974 1918 1043 1982 quod
1060 1917 1128 1966 sicut
1145 1929 1223 1980 supra

125 1984 232 2048 dictum,
241 1986 451 2049 quemadmodum
463 1988 602 2052 Murena·
620 1993 655 2041 Et
690 2003 867 2060 memoratum,
880 1996 1016 2060 nepotibus
1033 1993 1224 2045 Lacedaemoni-

125 2063 254 2113 sciendnrn
266 2063 384 2113 sacrificii
396 2073 496 2116 tantum
507 2083 598 2119 caussa
609 2085 653 2120 eoa
690 2087 762 2121 nrum
783 2071 887 2136 sugatis,
904 2087 920 2120 a
937 2072 1038 2120 nornine
1055 2070 1129 2118 ducis
1137 2068 1223 2129 Ture,

125 2138 242 2202 tetigisse
252 2139 410 2188 Calabriam:
428 2143 471 2191 nui
483 2143 654 2197 dicuntnrac·
690 2147 812 2197 Herculis
821 2148 1023 2209 tilii‚Tareutnm
1033 2147 1141 2195 dietum.
1159 2144 1225 2196 Qui·

125 2215 224 2276 cepisse
236 2215 389 2277 Palladium,
404 2219 473 2284 sicut
489 2220 586 2271 dictum
604 2229 654 2287 est,
691 2223 750 2272 darn
761 2224 903 2272 Tarentum
914 2231 975 2272 ante
987 2223 1109 2287 Saturium
1123 2220 1224 2270 dictum

126 2289 289 2354 alliomede,
300 2292 340 2341 vel
350 2293 444 2356 Ulyxe,
461 2310 508 2343 nec
525 2297 654 2350 immerito
692 2300 806 2358 tradunt,
824 2308 852 2348 et
868 2300 902 2349 ab
921 2299 1042 2348 Herculis
1052 2298 1105 2348 tilio
1123 2298 1224 2351 Tarento

126 2364 269 2414 dubitatur.
304 2368 338 2415 Ut
349 2369 577 2421 eniminsecundo
593 2375 655 2437 legi·
692 2380 750 2437 post
771 2377 897 2424 Tarentum
916 2375 1024 2425 dictum.
1059 2374 1111 2424 Alli
1133 2375 1225 2424 Herus·

124 2443 275 2505 mns,amlro
291 2454 440 2507 rapuerant.
471 2449 655 2501 Dmurantem
691 2451 753 2498 leam
772 2450 930 2513 appellatum
950 2452 1048 2511 volunt,
1064 2450 1123 2512 qnia
1141 2449 1225 2497 Hera·

124 2516 271 2583 ideo-quod
293 2519 417 2581 Helenus,
438 2524 566 2575 ‘Cuncta
583 2530 656 2578 malie
692 2523 768 2572 clidae
778 2523 1030 2589 Lacedaemoniorum
1042 2538 1124 2586 reges.
1153 2525 1224 2574 Beue

124 2593 377 2645 habitantnrrnoenia
388 2599 493 2663 Graiis!
525 2602 630 2655 Senias.
692 2600 862 2662 ergonineru
877 2604 910 2648 ert
921 2599 999 2658 sarna,
1016 2596 1224 2663 antqniaTaras

157 2675 203 2721 6⁶1
222 2671 344 2736 Herculei,
361 2674 383 2721 ri
401 2690 456 2723 uera
472 2683 508 2726 est
520 2677 599 2740 sm,
612 2682 656 2730 Ta.
692 2674 853 2732 condiderat,
874 2681 983 2724 aruerat
1006 2674 1155 2736 Phalantus,
1178 2681 1225 2724 aut

125 2745 201 2808 rent]
224 2746 322 2797 Fabula
341 2749 399 2798 talis
414 2757 468 2801 eat:
495 2753 610 2805 Lacone.
627 2765 656 2807 ει
693 2749 726 2797 ab
736 2749 857 2799 Herculis
867 2748 920 2797 tilio
937 2749 1069 2798 conditum
1087 2750 1120 2798 sit
1131 2751 1225 2799 Taren·

125 2819 296 2872 Athenienses
306 2823 349 2872 diu
360 2824 465 2875 interae
477 2827 546 2878 bella
561 2837 656 2882 meu.
692 2832 757 2887 tnm,
768 2827 793 2874 in
805 2841 855 2890 qno
875 2826 963 2874 rnnllea
983 2832 1011 2873 et
1029 2825 1151 2873 luxuriosi
1168 2840 1226 2874 nas-

124 2904 200 2947 runt:
218 2907 396 2964 enmutraque
412 2916 471 2965 pars
487 2903 655 2972 antignotus,
692 2909 802 2951 cuntur:
828 2908 855 2950 et
878 2901 934 2950 unc
953 2899 1112 2949 consuetudo
1133 2898 1225 2948 Polite

124 2971 248 3035 Lacones,
255 2972 346 3037 quibus
351 2975 476 3039 juventus
483 2979 585 3046 deerat,
592 2999 655 3047 pm.
692 2985 740 3039 eat,
752 2985 781 3026 ut
792 2977 835 3024 ubi
847 2976 880 3026 de
893 2976 997 3024 incertis
1008 2974 1118 3033 dubitat,
1128 2971 1224 3023 fanan

125 3057 261 3112 ceperunt,
273 3051 419 3114 urvirgtues
429 3069 489 3103 cum
499 3058 654 3120 quibuscun·
691 3051 773 3101 ssscial
788 3061 929 3102 *fictorem-
963 3053 1037 3101 Idem·

125 3127 398 3189 queconaumberent.
427 3130 655 3198 Quotus-tumere,
726 3127 835 3190 Tarenti]
853 3127 1002 3188 Historiam,
1013 3132 1102 3175 notatu
1112 3122 1227 3188 dignissi-

125 3207 164 3264 ut,
183 3216 240 3251 enm
258 3210 317 3266 post
335 3204 425 3254 sedata
443 3207 519 3270 betta,
529 3209 655 3273 juventur
691 3219 768 3267 marn,
779 3204 893 3254 condita
910 3205 984 3267 hujus
1001 3203 1072 3252 urhis
1087 3201 1227 3252 Pausanias

124 3275 230 3325 incertis
248 3279 483 3345 pampilunenses,
500 3292 527 3333 et
544 3287 654 3348 patriam
692 3281 718 3329 in
730 3281 962 3343 Phocicis,strnbo
972 3282 989 3329 l.
1001 3295 1039 3329 vr.
1058 3280 1161 3328 Cluver.
1171 3284 1225 3327 ant.

124 3351 301 3416 erubesceret,
318 3361 347 3404 et
365 3355 413 3404 sibi
430 3365 499 3408 meet
515 3360 655 3424 opprobrio
694 3356 754 3406 Ital.
775 3371 812 3405 rr.
834 3362 874 3406 tt.
894 3365 923 3406 et
943 3357 1029 3420 plnres
1048 3355 1091 3403 atii
1110 3351 1226 3402 tradunt.

122 3425 194 3491 (nam
204 3430 352 3481 Partheniae
369 3432 655 3501 dicebantur)accepto
696 3432 837 3480 Emeum·

124 3503 190 3553 duce
211 3505 347 3571 Phalanto,
365 3518 458 3560 octavo
477 3513 511 3561 nb
530 3513 655 3576 Hercule,
725 3505 881 3554 immi&
890 3503 926 3565 κ]
943 3500 1227 3563 Qssissdvlotl'fflllllffl·

124 3578 235 3642 profecti
246 3590 318 3631 sunt:
336 3583 469 3650 delerique
479 3587 512 3635 ad
524 3588 656 3652 bmveop.
693 3581 773 3642 tibus,
782 3587 828 3627 ant
845 3580 967 3627 recedere
982 3582 1082 3625 menter
1096 3574 1226 3637 videntur,

123 3656 211 3721 pidum
224 3659 360 3722 wabnae,
368 3661 436 3725 qnod
447 3663 528 3713 Taras
538 3664 656 3727 Neptuni
693 3663 738 3705 aut
749 3668 863 3718 surgere.
897 3653 1001 3702 Seniue

124 3729 193 3783 nlius
210 3731 393 3798 fabricaverat,
412 3736 439 3784 id
460 3745 603 3797 auxerunt;
627 3746 656 3789 et
726 3731 901 3782 malama
917 3726 1009 3789 matra]
1027 3726 1137 3777 Juoouis
1153 3726 1226 3776 lasei-

124 3807 211 3872 priaco
228 3809 330 3858 nomine
343 3812 507 3875 appellarunt
520 3814 655 3864 Tarentum,
693 3808 741 3858 niae
763 3808 895 3868 templum,
910 3802 1050 3852 secundum
1062 3800 1193 3865 quosdam,
1209 3813 1226 3850 t

124 3885 347 3950 Beueergonnnc
361 3887 473 3937 anutet
484 3889 590 3938 Tamti.
608 3889 656 3938 Eat
693 3897 754 3945 rege
780 3881 914 3929 conditore
942 3878 1054 3926 dictum:
1084 3875 1225 3925 seeundum

123 3970 152 4013 et
172 3963 235 4013 alius
255 3960 656 4016 sabulaenrdn:1.acedaemnnii
693 3957 756 4008 aliua
778 3971 793 4006 a
815 3957 915 4007 latrone
943 3954 1049 4014 Lacino,
1073 3965 1149 4016 quem
1170 3950 1225 4005 ¹¹¹5ss

124 4052 183 4089 cunr
204 4037 326 4088 adversus
343 4039 484 4093 Mesrenios
502 4038 596 4088 bellum
613 4038 656 4086 ha·
693 4033 822 4083 Hercules
834 4031 943 4083 occidit:
961 4038 989 4079 et
1000 4027 1226 4093 tocoexpiatolu·

124 4113 296 4175 latereulis
312 4114 414 4164 senibus
431 4113 539 4176 relictis,
554 4128 655 4163 omnem
693 4109 888 4171 nouiternplnm
906 4105 1052 4155 coustituit.
1073 4105 1152 4155 Allia
1167 4119 1226 4168 pru·
1309 4110 1312 4115 ⁴

120 4189 286 4258 iuventutem
313 4189 468 4257 want,
488 4189 656 4258 juraremut·
692 4180 1224 4253 nonummaninpuodtunout'ttetts
