2708 4694
111 300 209 366 Ἦ)
466 316 572 366 orons
595 316 798 368 νιιιιοιιιιιι
821 318 862 368 ιιι

119 474 155 510 ιο
166 459 207 510 rel
218 474 263 509 rra
273 459 412 510 medicinas
422 460 537 510 moribus
544 460 652 511 (licere.¹
688 458 790 512 Histor.
801 475 844 512 ιιι.
856 467 898 512 28.
915 464 1010 514 dorcam
1028 465 1144 515 nomlnat
1164 458 1221 526 aas·

123 535 175 585 Ubi
194 534 330 585 manifesto
348 539 402 585 Arc
417 544 457 586 eat
474 536 555 598 ἐξοχὴ,
575 544 653 586 utet
688 539 810 587 miris:
827 539 852 587 in
868 541 1222 606 ennolionespudnostrnm

122 626 213 673 ringo.
245 611 328 660 Varro
339 611 372 661 de
389 614 420 663 n.
434 613 465 661 li.
485 626 503 661 ι.
515 618 556 662 ol.
573 613 653 661 ‘Alia
690 612 748 663 AEn.
760 627 788 664 x.
799 617 856 666 tm.
873 616 999 680 ‘ipsaque
1014 617 1091 666 dorso
1102 617 1225 668 Eminet.¹

120 687 192 751 (sna)
207 687 233 735 in
249 687 398 751 amphoram
417 688 529 751 picatam
548 688 653 738 descen·
690 694 718 737 et
726 704 763 738 rs.
772 693 829 738 tot.
841 690 932 740 ‘dorso
942 691 1002 741 dum
1012 692 1110 756 pendet
1119 692 1225 757 iniquo:

123 762 184 813 dat:
202 765 253 813 alia
267 766 294 813 in
314 780 392 827 aram,
414 775 444 815 nt
463 768 489 815 in
507 768 653 816 carnarium
690 765 753 815 lsid.
765 780 804 816 ιιι.
817 771 840 816 l.
858 768 959 816 dorsum
970 769 1125 834 superficiem,
1141 774 1227 828 vocat,

124 838 343 901 adscendet,'&c.
378 842 524 891 Tacitum.
689 841 1024 904 monciacensem
1041 842 1090 891 hoc
1110 844 1225 906 locopro

154 914 221 964 Suco
231 923 313 965 meust
325 919 383 967 ltolt'
393 919 477 969 mediis
490 935 542 982 quc
556 920 582 968 in
591 921 655 983 flnc—
691 918 768 966 maris
779 917 925 982 superficie,
942 934 1016 984 quam
1029 919 1128 982 Greci,
1144 925 1174 969 ut
1192 933 1226 968 ex

122 991 188 1043 titus
197 994 263 1058 arcs]
278 994 345 1043 Aras
361 995 440 1045 inisse
461 1011 551 1046 uorem
569 997 655 1060 propi·
692 992 812 1057 Oppiano
829 994 861 1043 de
873 995 970 1044 Piscat.
983 1008 1001 1044 1.
1013 1000 1054 1045 tiu.
1071 996 1145 1043 νῶτον
1157 991 1226 1052 ints,

123 1068 174 1119 tiss
191 1069 312 1120 admouet
327 1071 464 1121 Turnebus
484 1074 553 1122 inter
570 1073 655 1123 Sardi·
691 1076 720 1119 et
732 1069 822 1119 Suldas
832 1070 876 1129 τὴν
888 1069 1023 1132 ἐπιφάνειαν
1032 1073 1076 1128 τῆς
1094 1067 1226 1128 θαλάσσης.

123 1145 193 1193 niam
213 1152 243 1195 et
268 1145 385 1197 Africam
405 1148 523 1198 celebres
544 1150 599 1198 icto
619 1150 655 1198 lbi
693 1146 836 1196 nemea.

124 1220 194 1270 luter
222 1221 303 1273 Afros
333 1231 360 1273 et
391 1227 517 1275 Romanos
551 1225 657 1286 t'oedere,
725 1228 771 1273 11⁵
790 1224 820 1272 ln
836 1223 1053 1288 merlenmaco]
1080 1225 1113 1274 Id
1134 1231 1184 1288 cst,
1200 1222 1227 1273 lu

125 1296 159 1347 da
180 1298 273 1364 quibus
293 1301 421 1365 Lucanus,
437 1301 589 1365 ‘suffretius
606 1301 656 1351 aris
692 1299 783 1350 brevia
793 1302 921 1365 Syrtium:
939 1317 990 1367 quo
1000 1301 1085 1364 modo,
1101 1305 1109 1330 ‘
1118 1301 1230 1352 Molem·

123 1373 241 1423 Victoris
259 1375 359 1439 Libyco
375 1377 494 1440 pulsatur
511 1377 537 1425 in
552 1392 657 1442 aequore
693 1391 744 1440 que
755 1384 783 1426 et
795 1378 913 1427 montes!
946 1377 1050 1426 δαείω.

124 1462 215 1500 uxum
225 1451 363 1516 Tarpeiis!
398 1452 539 1502 Germanas.
726 1452 827 1518 Brevia]
843 1453 919 1503 Dicit
928 1454 1032 1517 vadosa,
1044 1469 1092 1519 per
1103 1469 1160 1519 qna
1171 1468 1229 1519 pos·

158 1525 235 1589 Am]
267 1525 344 1591 Apud
365 1528 469 1578 Snidam
489 1529 596 1592 Ἑρμαῖος
616 1536 657 1578 est
693 1528 890 1578 sumnsradere.
924 1529 999 1578 idem.

128 1600 360 1665 rsrpkymsnltos.
386 1604 657 1668 Qualeslapidessunt
727 1603 756 1652 la
776 1604 855 1653 hretia
874 1610 897 1654 et
917 1605 998 1669 Syrtis
1014 1606 1096 1670 urget]
1112 1605 1146 1655 Iu
1165 1605 1230 1655 anti·

124 1675 215 1742 hom
226 1679 320 1742 Mena:
340 1682 428 1745 scopeli
444 1682 548 1730 marini.-
563 1681 601 1730 sic
614 1696 658 1745 ap·
695 1678 751 1741 quis
768 1678 899 1743 plerisque
916 1680 1061 1743 codicibus,
1080 1685 1167 1743 urguet
1180 1688 1230 1744 est,

126 1756 258 1820 pellantur
277 1771 292 1805 a
311 1759 419 1821 Dionys.
431 1758 564 1808 Halicarn.
575 1759 658 1824 antiq.
693 1758 781 1815 apost
796 1768 816 1816 g
832 1753 937 1804 addita:
956 1755 1061 1803 Attiano
1079 1746 1159 1806 more.
1193 1755 1230 1805 Et

126 1831 658 1898 lions.upthquolocoteststnrAEneam
694 1832 811 1881 hocloco
831 1832 911 1897 Syrtis
929 1833 956 1882 in
974 1832 1122 1883 accusativo
1134 1833 1231 1897 plurali

125 1904 152 1955 iu
164 1908 219 1963 hnc
231 1924 294 1959 sors
302 1925 403 1975 quoque
415 1911 523 1960 latentis
532 1910 659 1960 incidisse.
696 1914 796 1959 tantum
812 1908 869 1959 fieri
889 1909 968 1960 docet
986 1909 1143 1972 Priscianus,
1161 1909 1229 1960 sicut

127 1980 208 2032 Plinii
227 1985 299 2033 locus
315 1984 420 2034 videtur
439 1992 576 2049 corruptus
596 1998 623 2033 ι’.
634 1989 659 2034 7.
696 1993 724 2035 et
735 1986 813 2049 Alpis,
830 1992 969 2050 propterea
987 1984 1055 2051 quod
1071 1986 1168 2036 Graes
1186 1986 1231 2035 de·

128 2057 136 2085 ‘
148 2057 271 2121 AEgimori
283 2074 299 2108 a
311 2074 348 2120 re,
364 2060 465 2124 scopuli
476 2060 570 2123 resins,
584 2074 661 2124 qirnm
696 2061 794 2111 cliusta
804 2079 824 2108 n
836 2060 1022 2126 diphthongum
1030 2060 1160 2112 habeant:
1173 2062 1231 2125 ejus

128 2132 244 2183 monier
261 2136 305 2184 ubi
322 2136 429 2185 Scottus
443 2135 555 2185 Observ.
573 2135 660 2183 Philo·
697 2151 859 2187 verosonum
877 2137 945 2201 apud
965 2138 1070 2188 latinos
1088 2152 1143 2188 csse
1163 2140 1232 2202 peri

129 2211 201 2274 soph.
224 2224 252 2262 v,
274 2216 314 2264 10.
342 2226 388 2276 pro
407 2228 422 2260 c
443 2228 479 2274 rc,
500 2213 573 2277 legit,
595 2228 661 2263 aroe:
697 2214 809 2278 longum.
843 2215 890 2263 Est
902 2221 929 2263 et
945 2213 1013 2262 Velii
1030 2213 1111 2279 longi
1128 2221 1232 2264 senten·

129 2286 261 2338 misturam
273 2304 330 2338 esse
341 2289 477 2339 verboram
489 2289 515 2338 in
526 2291 575 2338 hoc
585 2304 662 2339 verm
698 2290 742 2350 na,
760 2298 791 2339 nt
809 2290 890 2354 Syrtis
909 2305 956 2354 per
976 2289 985 2338 i
1006 2289 1136 2340 scribatur
1148 2288 1232 2340 citato

130 2363 266 2414 enntcudlt
287 2365 438 2418 Quintilian.
459 2380 520 2416 vni.
538 2370 562 2416 2.
596 2367 662 2419 Quae
699 2380 784 2429 versu,
797 2364 1107 2429 Etoostuscperitdprtis.
1132 2365 1233 2416 Nostra

132 2440 198 2490 santi
218 2441 286 2492 hsud
304 2443 408 2493 ridetur
427 2458 492 2506 esse,
510 2450 539 2494 ut
559 2442 663 2494 Maroni
700 2452 786 2493 autem
812 2451 892 2492 aetste
919 2442 1032 2493 litterati
1055 2457 1123 2507 pene
1144 2457 1234 2494 omues

130 2515 199 2565 verti
211 2517 291 2581 possit
304 2518 375 2568 ritio.
409 2519 552 2568 Emmeress.
700 2519 886 2584 diphthongum
898 2520 1019 2570 Graecam
1037 2533 1177 2583 recepere:
1196 2526 1235 2569 at·

165 2596 212 2643 114
229 2594 332 2644 Dorsum
342 2595 447 2659 inmune]
471 2594 602 2656 Emissos,
621 2596 663 2645 rel
701 2608 751 2659 que.
762 2595 799 2643 ita
810 2593 930 2643 dictionis
947 2593 1023 2657 huius
1039 2607 1126 2643 casum
1137 2593 1234 2660 Syneis

131 2667 222 2732 altum,
240 2670 382 2720 secuudum
392 2672 544 2734 Homerum,
558 2672 599 2721 vel
611 2687 665 2721 cer·
700 2684 749 2737 per
759 2669 792 2731 ei,
810 2675 840 2718 ut
857 2668 980 2732 pleraque
999 2667 1048 2717 alia
1067 2668 1232 2733 scriptitent:

133 2753 161 2796 te
172 2747 287 2797 eminens
306 2748 435 2812 planities,
455 2754 500 2797 aut
515 2747 665 2812 superficies
701 2744 771 2809 qood
791 2744 818 2792 in
841 2743 973 2792 codicibus
994 2742 1106 2808 antiquis
1126 2744 1234 2794 insenos

132 2821 236 2878 donor:
253 2825 346 2874 antsic
358 2826 394 2876 nit
414 2825 456 2874 hic
474 2825 557 2874 Poets
571 2827 666 2874 dorsum
703 2820 876 2871 rarissimum:
906 2817 1026 2884 quodque
1045 2834 1233 2886 supervacuum

132 2898 166 2946 de
177 2913 249 2962 saro,
267 2901 334 2950 sicut
347 2901 424 2951 Hom.
443 2903 514 2949 Nsira
525 2898 663 2959 omnmo:
702 2912 769 2957 esse,
790 2895 880 2961 quodi
893 2902 945 2945 tam
956 2896 1039 2963 longae
1059 2911 1136 2961 quam
1148 2897 1234 2947 brevis

134 2975 274 3025 sicutalihi
287 2977 360 3040 ipse:
377 2977 666 3042 ‘Dorsodumpendet
701 2981 822 3021 naturum
847 2972 935 3034 habnt,
961 2978 1016 3020 tum
1043 2971 1234 3022 incommodum

132 3052 237 3117 miquo!
275 3053 385 3104 Quidam
412 3055 505 3103 isumus
530 3070 578 3118 pro
600 3058 666 3105 malo
702 3049 839 3112 aliqnando
849 3047 1150 3111 judicsthlntilianus.
1182 3047 1236 3100 Sed

133 3129 265 3192 accipiunt
277 3131 397 3192 positum,
407 3136 517 3193 propter
527 3129 666 3195 naufragis,
703 3123 736 3174 de
748 3125 796 3173 hoc
809 3138 904 3188 genere
915 3125 989 3188 plara
1000 3122 1061 3173 nlibi
1077 3125 1233 3176 recitantur.

134 3218 192 3269 quas
213 3204 251 3254 ibi
272 3206 356 3256 solent
382 3205 458 3254 lieri:
485 3220 543 3255 nam
571 3222 665 3256 monum
704 3201 809 3249 Pierius·

135 3278 348 3343 besonticam,
367 3280 508 3345 ergaquod
526 3280 666 3331 bonocou-
737 3277 839 3341 Brevin]
870 3276 1003 3326 Dicuntur
1024 3276 1121 3341 Syrtes,
1139 3277 1238 3330 namn

135 3355 352 3407 tminmisnmse.
376 3359 436 3408 Nou
445 3358 512 3407 euim
522 3365 610 3423 potest
619 3374 666 3423 pro
705 3355 843 3417 Blucium
853 3352 955 3402 Grecis
973 3351 1076 3416 βραχέι,
1087 3353 1183 3403 vadosa
1200 3356 1239 3404 vl-

135 3443 228 3494 mgno
249 3431 341 3495 sccipi.
379 3430 459 3495 tlibi,
481 3433 591 3483 ‘Posuit
609 3449 666 3498 quoe
703 3431 1039 3493 delicet,etarenosaloca:
1052 3431 1238 3494 oportetenirn

135 3507 371 3572 inmmlstempla'
387 3509 509 3574 quianon
527 3508 607 3560 facile
624 3524 667 3574 ap·
703 3507 740 3557 ibl
760 3507 863 3556 brevius
882 3507 916 3556 sit
937 3513 965 3556 ct
977 3507 1139 3556 contractius
1158 3521 1238 3570 mm,

135 3580 232 3647 parent
243 3585 300 3634 haec
311 3599 381 3648 saxu,
397 3585 446 3635 uisi
457 3600 516 3634 cum
527 3600 668 3635 mareven·
705 3583 749 3633 nbi
762 3591 822 3633 snut
839 3584 956 3647 ingentes
970 3583 1066 3632 cumuli
1084 3597 1237 3634 areuamm:

136 3660 171 3710 tis
182 3667 310 3711 movetur.
337 3662 668 3713 Dormmsutemhocloco
705 3674 756 3715 uon
772 3660 863 3719 latum,
874 3666 902 3708 et
910 3659 1063 3722 spaciosum.
1097 3658 1166 3709 Dure.
1177 3667 1239 3710 suut

136 3750 188 3786 nou
200 3735 311 3786 absurde
321 3737 365 3801 nit,
374 3737 433 3802 quia
442 3736 536 3786 Graece
548 3752 598 3787 arae
607 3737 669 3802 ipsae
705 3735 730 3784 iu
740 3735 797 3784 sinu
816 3732 908 3782 Africo
918 3734 1018 3798 Syrtes,
1027 3732 1043 3791 ἡ
1052 3731 1098 3793 μὲν
1113 3733 1209 3797 μείζων,
1222 3734 1238 3793 ἡ

134 3812 209 3861 inco
228 3813 290 3861 odra
308 3813 438 3876 dicuntur,
455 3819 485 3862 nt
503 3811 604 3862 Sinnius
623 3813 671 3863 Cs·
705 3811 731 3863 tl
742 3812 819 3876 μικρὰ,
837 3812 930 3862 Zetres
949 3812 975 3860 in
987 3811 1059 3861 Cass.
1072 3812 1239 3876 Lycophron.

139 3889 196 3953 pito
215 3889 332 3953 tradidit,
358 3888 500 3939 secundum
519 3888 670 3940 Homerum.
706 3890 838 3940 Dicuntur
855 3887 902 3937 dri
915 3885 960 3936 roi
974 3885 1045 3951 cipe,
1062 3888 1144 3937 tmhs:
1161 3896 1240 3939 vento

138 3964 243 4016 &roias
706 3966 773 4016 anim
786 3962 813 4014 iu
823 3980 895 4015 mare
908 3979 987 4014 sreua
1004 3964 1115 4014 trahitur
1126 3965 1240 4029 cogitur-

173 4042 349 4106 Marinianio]
375 4040 670 4106 Veliusummo,relln
707 4056 765 4108 qne.
783 4041 942 4106 Pomponius
952 4038 1062 4089 Sabinus
1074 4038 1185 4090 Poiitsm
1197 4056 1239 4091 sc·

139 4117 251 4182 placido.
285 4119 360 4167 Idem.
707 4118 773 4183 cipit
789 4117 822 4169 de
842 4117 951 4180 majore,
967 4130 1027 4165 nam
1045 4115 1103 4164 hrec
1121 4116 1240 4180 proxima

172 4196 279 4246 Messa
296 4197 389 4246 ianm
408 4196 470 4246 snei
496 4197 596 4262 m]
626 4196 670 4246 Sic
708 4195 866 4260 cardtsgiul.
898 4193 1017 4244 Vidsutl
1032 4191 1163 4243 Modiolus
1179 4198 1237 4258 dap.

138 4271 294 4335 temes.
305 4284 349 4323 ιιι.
358 4262 416 4324 tot.
441 4272 549 4324 scotto
559 4270 672 4324 omen.
708 4268 1237 4336 indetcndstvitgilinnrusnnnllm
