2708 4694
124 293 212 360 2412
477 291 587 358 nora
609 308 812 358 vilamauri
834 308 874 360 tn

124 453 238 504 ambria?
269 453 373 505 Sorrina.
690 459 769 504 aetate
797 454 874 520 deligi
900 445 1052 519 potnerunt.
1101 448 1224 506 Imitatur

155 530 265 594 Sirene]
313 531 450 591 Ordinem,
490 544 652 595 componere.
690 532 758 583 hune
785 534 870 583 locum
889 533 948 582 Val.
970 534 1099 583 Placeas:
1127 532 1224 584 ‘Stant

124 608 200 658 Unde
211 615 239 657 et
248 608 390 669 Stmctnres,
407 609 528 658 dicuutur
544 608 654 658 t'erenlo·
691 610 796 671 gemmis
816 623 928 675 auroque
945 609 1006 673 tori,
1016 624 1167 675 mensaque
1182 624 1224 675 pa·

125 699 179 735 rum
190 687 383 749 compositores.
416 688 491 735 Idem.
691 693 748 735 ratu
761 684 892 750 Regifioo:
910 692 1068 751 centumque
1080 699 1158 751 parea
1174 684 1223 751 pal·

157 760 222 810 cm
238 763 435 826 pemmonem]
466 761 583 820 lineium,
599 761 653 826 qni·
690 775 772 811 moeva
787 761 896 810 ministri
907 762 1041 825 Corpora:
1061 776 1123 826 pars
1134 760 1223 827 epulas

123 836 173 885 bna
191 851 254 886 eura
273 852 366 900 penum
377 846 487 899 struere,
499 837 599 886 Graecia
615 836 653 885 di·
690 838 823 898 manilium
840 834 1222 903 parsaureagestantl‘oenh'

124 921 219 963 eantur
245 913 345 978 σηκῐδες,
371 915 411 964 rel
439 912 544 976 σηκῐλαι,
574 920 653 979 atque
692 915 836 964 maiam.

123 989 201 1038 stiam
219 989 329 1039 fortasse
351 989 428 1053 depae.
470 991 571 1040 Primas
590 991 653 1039 duaa
724 987 1222 1053 Centumaliaetstidesaqse,tse.]1aan·

123 1078 201 1115 voees
222 1066 300 1130 aliqui
322 1068 476 1115 contrahunt
500 1075 599 1117 tantum
620 1067 653 1116 ad
690 1082 760 1117 mero
788 1082 918 1117 serrorum
950 1066 1065 1117 convivii
1091 1064 1221 1130 ponebam

123 1154 217 1204 penum
233 1143 259 1190 in
275 1155 345 1204 agro,
366 1150 521 1204 postremam
541 1142 653 1193 dilatant
689 1140 905 1205 magnificentiam
929 1148 1041 1193 veteres.
1087 1142 1220 1206 warna·

122 1215 156 1265 ad
167 1217 518 1269 omniamuniaauclllarum.
553 1221 640 1270 Cerdo.
690 1233 716 1282 p.
734 1222 774 1268 nt.
795 1220 860 1268 hanc
878 1218 1031 1269 insertorum
1049 1225 1077 1268 et
1088 1212 1223 1282 pocillato-

155 1292 264 1356 ἃηενι]
280 1294 653 1360 cibos,acoqnnelaboratos,
690 1295 859 1344 tumtarbam
870 1293 1060 1344 fuissecredit:
1086 1300 1116 1342 et
1132 1293 1160 1342 hi
1176 1293 1221 1345 nin·

122 1367 268 1418 collocabat
279 1377 401 1433 structor,
411 1373 455 1435 qni
465 1373 558 1423 Graece
567 1391 652 1438 τραπε-
690 1370 772 1435 gulari
797 1370 898 1420 nomine
925 1369 1032 1419 anistri
1053 1368 1222 1423 vocabam·

122 1441 217 1504 ζποιὺς
228 1444 267 1491 vel
277 1443 450 1508 τραπεζοκόμος
459 1448 651 1511 appellabatur:
690 1447 806 1496 Eundem
818 1447 922 1497 consuls
932 1461 958 1510 p.
970 1450 1012 1496 tr.
1022 1449 1065 1496 ta
1076 1459 1111 1494 eo
1121 1444 1220 1495 aonios

123 1516 156 1566 de
166 1517 206 1577 iia,
216 1518 260 1581 qni
277 1533 369 1582 penum
386 1521 531 1581 struebant,
543 1530 570 1572 et
581 1522 652 1572 llam-
689 1521 756 1570 Stat.
768 1522 851 1571 Theb.
873 1522 890 1571 l.
906 1535 925 1572 r.
941 1520 1067 1570 ‘adolere
1078 1520 1153 1570 foena
1163 1534 1221 1585 apa·

122 1593 171 1642 mia
186 1593 325 1644 adolebant
342 1604 457 1660 penates,
467 1598 584 1649 meminit
595 1600 652 1649 Ma·
689 1595 778 1659 larque
805 1603 923 1645 recentes
949 1595 1102 1645 [neuim
1124 1595 1219 1659 jabet:

120 1669 196 1720 arob.
209 1673 312 1721 satum.
326 1687 344 1721 ι.
355 1677 395 1723 m.
412 1678 420 1700 ⁴
432 1675 501 1724 iuter
509 1675 565 1723 haee
575 1675 652 1724 aerul-
689 1668 766 1719 dictis
788 1685 878 1734 parere
890 1670 998 1719 ministri
1009 1670 1140 1721 Certatim
1150 1683 1221 1721 aeot-

122 1745 153 1795 lla
169 1746 317 1797 moderator
335 1751 461 1815 obsequii,
472 1752 514 1802 etii
532 1767 594 1802 aura
610 1751 652 1801 rel
690 1748 791 1797 lerant!
824 1749 912 1799 Deliis
921 1748 1219 1801 etiamclaec.de1liel.

123 1824 242 1874 adolendi
264 1834 380 1890 penates,
405 1830 446 1878 vel
468 1828 582 1878 struendi
608 1843 651 1893 pe·
690 1826 769 1885 ΜΒ.
803 1826 947 1874 Emaeaa.

122 1901 200 1965 nnm,'
210 1906 259 1952 dte.
277 1903 335 1952 vide
347 1904 456 1968 Pignor.
468 1904 501 1953 de
511 1904 598 1953 Servis
609 1919 653 1968 pa·
721 1903 770 1948 710
787 1900 836 1955 Qua·
845 1899 955 1964 dapibus]
977 1899 1092 1952 Quidam
1101 1901 1175 1964 dapes
1183 1912 1220 1949 re·

122 1978 286 2042 masenot.
320 1983 463 2032 Eumenem.
690 1990 748 2039 gum
770 1976 858 2027 volunt
871 1991 936 2039 esse,
952 1978 1034 2039 mles
1053 1977 1219 2040 privatorum.
1266 2024 1268 2029 .

157 2055 191 2103 Et
199 2056 308 2119 flommia
317 2057 410 2103 adolere
417 2054 526 2119 penates]
557 2056 653 2120 idest,
689 2052 793 2102 Semina.

123 2130 224 2180 Colere.
257 2132 307 2180 Sed
324 2131 424 2193 adolere,
444 2134 548 2196 proprie
558 2149 652 2195 augere.
723 2126 839 2190 Onerosi]
873 2128 963 2176 Pateat
984 2132 1014 2176 et
1036 2124 1220 2177 abundantiam

122 2205 155 2254 In
175 2207 255 2254 saeris
277 2209 377 2256 Adolere
397 2223 443 2270 per
464 2207 559 2256 bouum
577 2223 652 2258 omen
689 2207 816 2267 retulisse,
832 2213 861 2256 et
879 2205 912 2256 de
929 2214 1047 2256 veterum
1058 2219 1132 2255 more
1148 2203 1223 2265 dixit,

123 2279 226 2330 dicitnr.
261 2283 328 2331 Nam
339 2283 364 2330 iu
377 2283 427 2332 aris
446 2298 495 2332 non
517 2284 653 2334 adolentur
689 2283 780 2347 quibus
791 2298 848 2332 cum
858 2278 1050 2346 accubuissent,
1058 2280 1222 2330 omniserunt

123 2354 216 2420 aliqua,
232 2356 278 2404 sed
296 2365 443 2407 cremantur
460 2367 487 2407 et
502 2374 652 2409 conaumun·
689 2359 768 2407 semel
787 2358 973 2422 adponebatur.
1008 2357 1043 2406 Et
1061 2356 1167 2420 quidam
1182 2369 1223 2406 vo·

122 2440 180 2492 tur;
205 2432 377 2496 quiareteres
397 2435 423 2483 in
444 2434 508 2483 iocis
524 2435 653 2484 sacrifica·
689 2433 744 2482 lunt
763 2434 811 2483 hoc
830 2435 1222 2484 secundumveteremcoremo·

124 2507 195 2571 bant,
213 2514 242 2558 nt
262 2510 316 2572 ipse
337 2511 407 2575 alibi,
429 2512 548 2560 ‘Hortor
566 2527 652 2561 amare
689 2510 789 2558 uiarum
810 2511 887 2559 ritum
907 2509 1007 2559 adverti
1029 2508 1139 2571 debere,
1155 2506 1221 2576 qnod

121 2583 211 2635 focos?
243 2585 347 2635 Sunius.
690 2587 797 2636 Flamini
810 2587 871 2635 diali
884 2600 972 2634 mensa
989 2583 1222 2648 inanianonadpo·

153 2665 202 2710 709
220 2660 396 2724 Contumelia]
424 2664 563 2727 Eleganter
574 2672 652 2729 atque
688 2662 815 2712 uebatur:
834 2656 1223 2723 numerumnunerum

122 2737 236 2786 breviter
255 2737 356 2787 divitias
373 2743 511 2802 expressit,
531 2741 654 2790 laudavit·
688 2753 779 2788 mneos
798 2744 894 2788 nument
916 2744 940 2787 et
958 2739 1043 2801 poento
1068 2742 1171 2801 ponam,
1195 2742 1225 2788 et

123 2827 181 2877 qne.
214 2814 304 2864 Voluit
323 2816 389 2864 euim
407 2816 592 2881 demonstrare,
609 2817 653 2866 dn·
689 2816 760 2877 alibi,
783 2816 815 2864 Et
838 2816 894 2863 aiau
913 2815 1019 2878 reponite
1040 2814 1135 2875 mensis,
1163 2811 1223 2879 qaid

122 2896 220 2955 centos,
237 2899 265 2941 et
280 2907 377 2953 sexum,
394 2901 422 2943 et
441 2902 546 2944 atatem
558 2895 654 2945 dlacer·
689 2892 756 2941 aliud
768 2891 890 2952 ostendit,
901 2904 976 2955 qnam
987 2903 1103 2938 mensam
1114 2903 1222 2940 vacuant

121 2982 193 3017 nere.
235 2969 363 3018 Nnmems
383 2978 469 3019 autem
489 2986 539 3019 nnn
556 2978 595 3021 est
613 2985 654 3019 res
689 2967 923 3029 nonantepositam
933 2967 1117 3029 AEneae‚qnem
1127 2966 1222 3032 abique

120 3056 215 3107 magna
233 3044 257 3091 iu
277 3059 348 3109 rege,
364 3044 409 3093 aed
429 3046 542 3108 parllltas
559 3048 653 3109 aetatis,
689 3045 774 3092 omnia
790 3043 935 3093 sacerdotia
959 3041 1060 3092 inducit
1081 3042 1222 3095 habuisse?

121 3133 181 3182 quas
200 3120 314 3168 ostendit
338 3128 433 3184 quianta
454 3121 501 3169 sibi
521 3136 651 3171 servorum
690 3119 763 3168 Idem.

122 3201 191 3243 esset
199 3195 336 3243 multitudo
348 3211 355 3242 ε
372 3210 405 3244 ex
414 3211 464 3261 qua
476 3196 582 3247 ducenti
594 3199 652 3263 pari
723 3197 835 3257 Οπσεηί,
845 3199 869 3244 et
877 3197 960 3258 poculo
969 3195 1072 3259 manat]
1087 3195 1119 3245 ln
1132 3196 1222 3247 Rama·

121 3276 201 3320 aetate
212 3272 273 3335 eligi
286 3272 416 3334 potuerint
428 3274 508 3338 digni,
526 3275 653 3339 quicura-
689 3285 723 3319 no
743 3271 841 3334 codiee,
858 3279 887 3319 et
905 3271 1036 3336 plerisque
1056 3271 1113 3322 allis
1133 3286 1224 3335 perve-

120 3348 361 3410 rentsupradieta.
395 3351 511 3399 Donatus.
688 3348 773 3408 tristis,
794 3348 880 3411 legere
903 3356 942 3396 est
965 3356 1094 3413 utrunque
1114 3347 1222 3399 verbam

155 3423 304 3488 Totidempne
313 3427 653 3493 paresoetateminissn]N0n
688 3422 819 3471 indicandi
841 3422 926 3485 modo,
952 3436 1058 3472 numero
1081 3423 1161 3473 etiam
1182 3437 1223 3475 ra·

121 3511 258 3548 numeras:
284 3500 330 3549 sed
350 3501 434 3551 etatis
452 3503 561 3567 qualitas
570 3505 653 3556 habet
690 3501 770 3549 riano:
788 3500 891 3548 scilicet
902 3500 949 3548 boe
962 3507 1049 3563 pacto,
1064 3500 1223 3566 μα’-ἀφίδω

122 3575 326 3625 admirationem.
359 3576 464 3627 Servius.
688 3581 920 3634 oaemntmcasaaet
937 3577 1019 3638 poculo
1035 3580 1139 3639 mni,
1154 3575 1223 3641 qood

155 3653 256 3703 certum
266 3653 331 3718 alioe]
352 3654 420 3703 Nihil
431 3653 481 3705 fuit
493 3671 621 3720 magnum,
630 3657 651 3707 si
689 3655 776 3701 nescio
788 3649 848 3719 quid
862 3651 1015 3714 picturatius
1033 3651 1124 3712 habet,
1144 3662 1223 3718 qm

122 3729 239 3780 ducentis
251 3731 369 3779 ministris
381 3732 414 3779 ad
425 3733 490 3782 hanc
501 3731 578 3782 officii
595 3749 652 3797 par·
689 3729 796 3791 reslpsa
815 3729 851 3778 ita
871 3730 925 3792 geri
946 3728 1082 3778 rideatur:
1111 3730 1223 3794 quonia

122 3813 176 3854 tem
188 3808 326 3855 utebatur:
352 3806 521 3858 nisifuiseent
531 3810 608 3860 Pam
621 3825 653 3858 a.
689 3804 767 3868 priori
777 3805 821 3853 illu
831 3803 964 3854 indefinito
977 3807 1053 3854 modo
1064 3804 1222 3869 significant

120 3886 180 3933 tate.
216 3883 274 3931 Non
287 3883 354 3932 euim
366 3898 494 3946 uumerus,
505 3885 549 3934 sed
567 3886 652 3935 utatis
690 3888 789 3930 tantum
799 3889 902 3945 paratos
913 3896 957 3929 ees
969 3895 1025 3930 ease
1036 3878 1070 3930 ad
1080 3880 1222 3933 onerandas

122 3956 231 4020 qualitas
265 3958 307 4006 hie
344 3959 421 4007 habet
448 3959 651 4009 admirationem.
689 3972 799 4015 mensas,
810 3970 836 4006 et
850 3957 969 4020 ponenda
980 3960 1080 4021 pocula.
1117 3958 1221 4011 Unieul·

121 4031 154 4081 ln
164 4032 276 4082 evidenti
288 4035 354 4083 enim
367 4043 406 4083 est
408 4046 521 4100 ‚quauta
534 4037 652 4086 servitio·
690 4049 740 4100 que
753 4044 837 4083 tamen
850 4036 976 4098 integrum
988 4034 1031 4095 sit,
1041 4050 1118 4100 quam
1129 4036 1222 4088 malre-

122 4122 176 4157 rum
188 4107 267 4160 tuerit
281 4110 467 4175 multitndn‚ex
485 4118 651 4175 quaoenmm
689 4112 724 4160 ru
735 4112 875 4161 lectionem
884 4126 963 4175 sequi
999 4112 1104 4165 Ρίπὲιι.

122 4184 413 4249 praemonentem
432 4187 556 4240 ministre
576 4200 651 4253 peres
722 4179 756 4238 at
777 4188 859 4253 pocula
877 4185 978 4253 poam]
1009 4186 1134 4241 Similiter
1150 4199 1217 4238 more
