2708 4694
204 262 293 336 tibi
346 241 353 252 ’
380 290 383 294 ·
552 282 661 335 nora
683 279 884 334 vationum
909 282 948 333 ru

200 444 301 494 mers
310 425 473 491 simpliciter,
486 425 532 476 sad
547 442 659 490 muru
675 442 729 490 gre·
803 425 864 490 Hie]
879 425 1073 490 Promittant
1083 436 1134 489 pto
1143 421 1194 479 lii.
1219 418 1304 474 iden.

202 521 260 570 gers
270 506 334 556 dicit
351 505 409 554 Eri.
421 516 459 554 vs.
478 504 512 553 de
530 506 615 554 cervis
635 507 686 566 hic,
706 511 735 554 nt
805 507 853 552 lea
865 502 1001 566 Corripuit]
1011 499 1064 550 nut
1073 501 1106 550 de
1116 500 1307 563 pharetra&-

204 583 305 634 iiiorunr
329 579 529 639 manitudiuem
552 582 676 643 signaret,
697 596 736 630 nr-
771 577 861 641 ipsit.-
878 585 907 626 ut
923 583 972 637 est,
999 575 1136 638 ‘Corripit
1157 573 1199 625 iric
1217 573 1305 624 subita

203 665 306 710 muas
317 660 417 718 instuit,
434 659 551 707 dicturus
562 659 630 708 euim
639 659 672 708 de
683 658 734 709 iilis
773 653 890 717 trepidus
899 653 1035 703 formidine
1045 652 1159 703 terrram!
1182 652 1239 702 Aur
1247 663 1306 704 eff-

204 736 533 802 posteniageutiocorpora.
567 734 660 783 cerda.
773 728 835 792 ripit
857 730 889 778 ab
917 727 1027 789 Achate,
1053 735 1080 778 et
1109 727 1239 791 quomodo
1267 726 1303 776 ab

237 810 291 860 Has
304 814 472 860 totuarsseutu
488 808 645 871 ΜΔ
657 814 735 873 tergo,
772 803 882 865 Achate,
900 820 975 869 quem
996 804 1065 868 apud
1087 805 1173 868 ignem
1193 812 1306 868 occupa·

205 890 231 937 at
249 886 355 949 tongam]
372 885 469 932 Vetera
489 883 587 946 atiquot
606 884 736 946 exempla·
773 888 827 930 turn
839 881 920 932 suxit?
935 882 979 930 sed
992 895 1051 930 eum
1063 890 1179 929 mentum
1191 891 1250 927 ene
1260 888 1308 943 pe

205 961 253 1024 ria,
263 966 378 1024 qamtstu
388 960 493 1021 legunt:
506 959 631 1007 suemine
642 965 736 1020 tamen,
773 961 903 1010 silentium
923 961 1111 1022 intelligamus:
1127 965 1158 1007 ut
1175 958 1220 1007 iiio
1240 958 1310 1021 laea,

203 1036 275 1101 quud
297 1035 385 1094 sciam,
405 1033 488 1083 adhuc
513 1041 619 1096 recepta
641 1035 736 1084 lectio:
774 1037 830 1086 ‘Ni
838 1038 893 1100 jam
910 1037 1054 1101 premissus
1066 1035 1181 1084 Achates
1191 1031 1305 1084 affm'

205 1111 313 1176 perinde
334 1125 364 1160 ac
383 1110 443 1158 iilud
461 1110 538 1158 etiam
551 1108 619 1174 quod
638 1110 735 1174 antiqui
775 1112 851 1171 Item,
870 1113 967 1162 ‘Nunc
985 1117 1085 1174 repeto,
1096 1109 1226 1158 Anchises
1242 1106 1309 1158 fab-

205 1186 311 1237 codices
321 1185 442 1246 nonnulii,
450 1189 486 1233 tot
496 1189 601 1233 armatu
612 1185 735 1247 scriptum
774 1202 935 1238 rumarcuua
948 1186 1070 1251 reliquit!
1104 1185 1183 1234 idest.

206 1262 318 1312 babent:
336 1261 390 1310 sive
407 1275 438 1308 ea
454 1262 514 1309 olim
533 1257 611 1308 inerit
623 1268 737 1323 apostro·
807 1265 922 1329 Gerebat]
935 1264 986 1313 dut
999 1269 1062 1312 tnnc
1072 1279 1078 1311 :
1090 1268 1135 1312 aut
1144 1276 1203 1327 quse
1214 1274 1308 1326 Μ

207 1338 267 1404 phe,
287 1352 337 1402 qua
360 1335 464 1385 Latinos
495 1337 572 1384 etiam
586 1335 737 1399 ,aliquando
774 1349 950 1390 consueverat.
984 1340 1058 1389 idest.

206 1427 265 1464 usos
280 1419 445 1462 monumenta
462 1412 570 1475 piurima
586 1412 736 1460 declarant:
807 1415 923 1481 Gerebat]
949 1416 998 1464 Vei
1021 1421 1083 1463 tnnc
1108 1426 1239 1477 preserrs:
1264 1414 1307 1464 vei

206 1489 306 1540 siretot
318 1489 447 1537 numerate
458 1502 549 1537 nomen
562 1488 661 1536 ratione
670 1501 738 1536 com·
775 1490 898 1554 portabat
919 1491 1010 1539 AEneas
1030 1489 1090 1550 teia,
1107 1503 1166 1552 qnae
1185 1486 1308 1553 Adrum,

207 1563 528 1627 munislociproducatur.
551 1563 603 1612 Sed
613 1568 672 1626 tua,
682 1579 738 1627 pas·
775 1568 888 1616 intentus
911 1567 964 1630 igni
986 1563 1134 1626 excitando,
1157 1564 1308 1629 reliquerat.

205 1641 255 1693 sim
266 1641 438 1704 agnoscitura
453 1641 636 1703 grammaticis.
668 1641 736 1691 Pier.
777 1641 836 1690 Nou
848 1641 913 1691 vidit
920 1655 1006 1702 nares,
1017 1639 1063 1689 sed
1073 1646 1182 1688 eventus
1192 1640 1308 1691 samm

240 1717 327 1767 19οΔ
347 1715 425 1778 tergo]
449 1714 560 1767 Quidam
581 1715 738 1779 dispungunt
775 1731 875 1778 cervos,
886 1731 942 1781 qnu
959 1731 1001 1765 res
1017 1730 1067 1764 uon
1087 1715 1120 1764 ad
1137 1716 1250 1766 renaudi
1267 1730 1311 1767 ro·

207 1789 304 1859 postrb
314 1796 452 1854 κωπίω
468 1790 546 1855 quod,
557 1790 599 1854 qni
615 1790 738 1854 sequitur,
775 1793 911 1856 inptatem,
922 1793 968 1842 sed
979 1791 1011 1840 ad
1026 1792 1111 1842 rictus
1123 1791 1307 1843 necessitatem

207 1867 599 1930 uscmmrioasergosequatur.
634 1865 685 1914 tied
695 1865 737 1913 hic
776 1875 882 1930 recepta
903 1873 952 1917 est.
984 1867 1091 1930 Septem
1111 1879 1174 1929 ergo
1195 1865 1308 1930 majores

207 1944 368 2011 pleonasmus
379 1942 500 2008 frequens
518 1941 737 1992 estensium.
776 1944 878 2006 stravit,
904 1943 930 1992 in
953 1942 1045 2008 quibus
1065 1941 1194 1991 alimonie
1223 1941 1309 2006 major

206 2021 338 2085 ‘geminos
358 2036 374 2068 a
400 2025 474 2082 tergo
496 2018 604 2082 respicit
625 2019 739 2082 angues.9
776 2028 844 2070 esset
855 2020 948 2084 copia;
963 2020 1058 2068 multos
1074 2016 1170 2067 deinde
1186 2017 1308 2080 panuioe

209 2093 602 2146 Cic'l'uscu‘bdolescentes
619 2093 738 2143 incursu
776 2095 916 2145 interemit.
951 2091 1153 2155 Reprehendunt
1169 2098 1258 2142 antem
1270 2099 1308 2142 tc·

208 2185 225 2220 a
240 2177 314 2233 tergo
330 2169 475 2234 insequens,
485 2183 534 2218 nec
549 2169 683 2232 opinantes
694 2169 738 2219 ad·
776 2173 888 2234 merarii,
903 2170 971 2235 qnod
993 2167 1221 2219 Poemenius
1240 2174 1310 2232 tergo

208 2252 299 2296 secuta
309 2253 348 2294 est
360 2245 494 2295 senectus!
530 2244 673 2295 nsatma
775 2252 910 2311 sequuntur.
933 2247 1012 2296 Emer
1023 2251 1064 2294 est
1072 2245 1311 2308 interpretaretur.

241 2322 352 2384 Atergo,
367 2327 391 2370 et
405 2323 508 2384 longus,
518 2322 570 2386 ise]
586 2323 680 2372 Errare
695 2337 738 2373 eos
778 2323 845 2372 Nam
861 2329 916 2371 tres
933 2335 1023 2371 cervos
1041 2326 1158 2370 errantes
1173 2320 1200 2368 in
1217 2319 1310 2371 littore

206 2396 248 2447 ni.
262 2397 381 2447 Donatus
393 2396 491 2462 ait,qni
504 2410 602 2446 comma
612 2403 740 2461 statuunt,
777 2397 962 2462 sequebantur,
978 2397 1020 2446 alii
1039 2411 1087 2460 per
1103 2396 1183 2445 saites
1200 2410 1217 2444 a
1233 2394 1309 2461 tsr'go

211 2477 451 2536 sequestaratergo.
478 2473 564 2524 Quum
579 2471 675 2536 absque
687 2475 739 2523 uilo
776 2473 960 2538 pascebantur.
993 2472 1232 2536 itaergoiegitur:
1249 2486 1309 2537 pro-

207 2547 349 2613 interjecto
366 2554 464 2612 puncto
480 2548 616 2611 legendnm
635 2548 671 2597 sit
689 2564 739 2598 uno
778 2551 856 2615 spicit
872 2552 935 2600 treis
955 2564 1045 2600 cervos
1062 2557 1090 2600 et
1108 2549 1155 2598 hos
1165 2556 1310 2614 sequnntur

209 2624 350 2689 eademque
366 2624 497 2674 membro:
514 2626 615 2685 Atergo
629 2628 739 2673 ettotseu
778 2632 833 2676 tota
853 2634 978 2688 armenta,
1000 2641 1016 2674 a
1037 2633 1112 2688 tergo
1135 2639 1196 2675 vero
1225 2633 1310 2676 totam

206 2715 251 2766 per
264 2701 333 2750 nubs
345 2702 563 2765 pmdtnrugsses:
581 2707 610 2748 ut
627 2700 670 2763 sit,
686 2701 740 2748 lon·
778 2717 870 2766 agmen
886 2702 1011 2765 pascitur.
1044 2703 1114 2765 lngo
1125 2701 1163 2749 ilii
1177 2701 1311 2765 errabant,

210 2790 270 2840 gum
282 2784 486 2841 agmcnatergo
496 2776 610 2840 pascitur
628 2790 675 2838 per
688 2776 740 2823 rai·
777 2777 804 2826 hi
820 2775 1001 2841 pascebantur.
1034 2777 1127 2839 Neque
1140 2776 1309 2826 enimomnes

209 2850 257 2900 iis:
275 2853 348 2916 enjus
359 2852 511 2902 elocutionis
527 2852 647 2914 exempla
656 2851 740 2914 pouit,
778 2852 910 2914 errabant,
921 2859 1060 2902 automnes
1072 2852 1253 2917 pascebantur,
1263 2853 1310 2903 scd

127 2922 132 2931 '
209 2926 577 2992 ‘'Ibestyiisetrapidofessis
586 2927 740 2976 messoribus
778 2928 822 2977 alii
842 2935 915 2977 eraut
938 2927 1050 2990 subjecti
1071 2927 1153 2977 oculis
1179 2928 1245 2992 ejus,
1266 2927 1310 2978 aiii

209 3001 293 3051 estu!
310 3001 546 3066 item,‘Puppibus
557 3008 585 3051 et
595 3002 740 3051 isctinautre
778 3002 884 3052 fuerunt
904 3009 962 3067 post
977 3003 1070 3066 ipsum.
1104 3002 1199 3052 Similis
1221 3008 1309 3053 satem

209 3077 353 3140 imposuere
372 3077 497 3127 coronas!
533 3077 610 3138 Item,
628 3077 740 3125 ‘Subito
778 3093 866 3128 sersus
877 3085 926 3141 est,
942 3079 1094 3142 ‘Thestylis
1110 3085 1139 3129 et
1154 3079 1247 3143 rapido
1257 3077 1309 3130 t'es·

210 3165 269 3200 cum
288 3150 376 3200 tabida
391 3150 536 3201 membrisr'
551 3152 601 3201 hoc
618 3157 667 3216 est,
682 3165 740 3200 cum
778 3152 814 3204 sis
843 3153 997 3204 messoribus
1024 3152 1106 3217 estu,’
1133 3155 1183 3204 bac
1207 3161 1260 3218 est,
1280 3162 1309 3204 et

211 3228 305 3278 subito.
341 3229 444 3278 Pierias.
777 3229 917 3293 'lirestyiis
945 3227 1189 3291 Item,‘Pnppibns
1206 3236 1235 3278 et
1252 3229 1308 3278 ireti

243 3301 348 3364 Agnes]
364 3303 457 3365 mes
472 3304 577 3367 proprie
591 3303 686 3353 dicitur
701 3319 741 3354 or·
777 3311 863 3353 nsntae
875 3305 1019 3368 imposuere
1037 3304 1158 3368 coronas,'
1174 3303 1202 3353 id
1218 3311 1270 3369 est,
1281 3313 1310 3356 et

210 3376 299 3428 dinats
316 3378 464 3443 multitudo,
482 3387 511 3428 ut
530 3387 570 3429 est
588 3380 741 3430 ambulantis
778 3380 918 3445 puppibus.
952 3380 1308 3446 lpsiqnoqueuumeri,gre-

210 3453 354 3503 exercitas:
378 3455 549 3518 nequeenim
567 3456 594 3504 in
614 3471 665 3506 nno
683 3457 741 3507 ioco
778 3469 838 3517 gum
861 3456 1037 3505 diversitatem
1065 3455 1221 3518 significant.
1266 3458 1309 3507 Da

209 3524 390 3592 sternamur
407 3539 528 3580 vocatur:
550 3540 595 3582 aut
615 3533 635 3582 si
655 3534 742 3582 insen·
778 3531 924 3580 errantibus
942 3532 1011 3581 enim
1027 3532 1163 3595 pinraiiter
1182 3531 1259 3596 dixit,
1276 3532 1310 3583 de

210 3604 521 3670 tumiuerit,usnrpatnm
531 3616 585 3657 est:
598 3609 666 3658 unde
676 3610 740 3659 bene
778 3607 944 3670 pascentibus
954 3620 1015 3655 vero
1027 3607 1072 3668 ait,
1087 3608 1110 3656 A
1126 3610 1204 3669 tergo,
1220 3611 1246 3656 st
1262 3609 1311 3656 iss·

210 3682 308 3748 adjecit
318 3684 421 3745 tongam,
434 3692 463 3733 ut
475 3685 647 3735 incedentium
659 3692 742 3757 osten·
775 3698 834 3745 gam
849 3700 894 3747 per
911 3686 982 3734 nulia
997 3685 1103 3747 poscitur
1112 3698 1206 3745 worm.
1241 3685 1310 3748 Espo

210 3758 286 3810 deret
297 3759 518 3824 significationem.
552 3762 654 3811 Seruius.
777 3761 803 3810 in
813 3762 899 3811 littore
917 3762 1023 3824 positos,
1034 3761 1169 3824 pluraliter
1180 3759 1264 3810 disits
1283 3760 1309 3809 in

243 3840 290 3886 191
310 3837 436 3900 Constitit]
454 3839 503 3886 Cos
515 3838 654 3888 secundum
668 3845 741 3889 natu·
777 3836 885 3885 saltibus
906 3851 967 3885 sero
985 3836 1098 3898 pascitur
1114 3849 1216 3897 amen.
1249 3835 1310 3885 linc

209 3924 265 3958 ram
276 3911 359 3960 brevis
368 3919 408 3960 est
416 3926 527 3976 semper,
533 3922 654 3976 excepto,
663 3928 741 3979 quum
778 3912 890 3972 accedit,
902 3912 971 3976 qnod
983 3912 1025 3976 qui
1037 3911 1153 3975 pascitur
1165 3926 1216 3959 non
1228 3918 1310 3975 errat,

203 3984 326 4048 sidera,
346 3988 387 4035 rei
408 4002 421 4035 s
440 3989 571 4052 sequitur:
590 3998 652 4039 tnnc
671 3991 740 4038 eninr
778 3989 861 4053 etqui
873 3995 1002 4038 erratnon
1015 3989 1138 4051 poscitur.
1171 3989 1291 4039 Donatus.

210 4065 309 4109 tantum
328 4061 490 4125 producitur,
508 4063 577 4113 sieut
596 4064 623 4113 in
642 4063 742 4129 miisbu,
812 4071 859 4115 let
886 4066 1058 4130 vectoresque]
1085 4066 1183 4115 Mirum
1211 4066 1310 4117 babent

209 4133 388 4200 istaiqtqt'atu.
421 4137 504 4187 Idem.
778 4141 906 4192 Venerem
917 4142 957 4193 bae
972 4143 1310 4210 meupnore,uactom,as·
