2708 4694
119 299 209 369 2714
470 310 579 361 nora
600 309 803 359 naaionoir
826 309 874 357 ru·

121 459 186 510 nal:
214 456 287 508 fonte
308 473 323 507 e
350 454 531 521 Phlegetontis
546 461 576 504 at
591 460 650 503 stro
687 452 755 502 mim
775 465 854 516 onnia
872 451 899 500 lo
917 450 1052 502 uteribus
1070 453 1219 518 mpbrl·

122 534 293 584 Flsmraarum
313 533 427 584 exundat
445 539 557 590 torrens,
567 530 642 593 pieea
688 528 882 593 buaquotquot
898 529 960 592 legi,
971 526 1030 579 fere
1043 532 1140 595 paaaim
1156 533 1220 580 aean-

121 623 172 674 qne
195 610 308 672 procella
325 607 513 657 Semiambusta
533 613 603 654 rotat
622 604 650 652 li·
687 608 765 652 uasa
787 603 1009 669 quadrisyllabum
1031 605 1219 656 Messenia

122 684 252 751 qaefaetis
270 700 331 734 asan
349 681 486 732 cavernis!
517 682 607 748 Utitur
622 686 651 730 et
688 679 967 743 eripiunt-tymaeo
987 682 1074 745 polim
1091 696 1150 731 esse
1170 682 1221 731 dia·

122 760 219 811 Juatln.
230 775 267 810 iv.
279 766 302 809 l.
319 759 410 810 eodem
420 758 515 808 verbo:
533 760 652 806 ‘eructet
688 755 766 806 erim:
778 770 862 820 neque
873 757 1010 822 quiequam
1019 757 1110 808 deteri
1121 759 1222 823 debere,

123 835 237 886 samum!
270 837 412 885 Eumenen.
689 847 766 897 quom
779 832 836 882 dua·
848 835 1018 900 illsesyllabae
1030 850 1142 898 pronus
1152 852 1223 902 repn-

154 912 339 976 ldqaelactapae
364 909 436 972 auro]
479 910 580 971 Putria,
609 909 653 959 de·
689 909 1222 974 testu,utincatulllao0csmine‚‘l²loe

123 987 451 1039 toutainmodomealeis.
484 982 588 1037 deniae
689 983 874 1035 Veroneuainm
901 986 1050 1049 depereunt
1072 990 1222 1051 juvenum?

155 1068 203 1113 677
221 1060 375 1123 Fandoirao]
408 1060 450 1108 Ab
468 1062 527 1122 imo,
546 1069 575 1111 et
594 1062 652 1111 red·
690 1061 759 1126 qood
771 1068 872 1111 veteres
881 1062 978 1112 babent
989 1063 1106 1126 codices,
1118 1078 1169 1113 non
1183 1066 1223 1114 Ve-

122 1138 405 1188 dituausamlateoter.
438 1135 652 1186 Indeeniuireu-
688 1151 830 1187 meam:
861 1146 891 1187 ut
915 1138 942 1186 in
970 1140 1074 1187 nouilne
1103 1140 1224 1190 amm.-
1270 1186 1273 1195 ,

123 1221 210 1264 tnsea
221 1229 288 1277 oqna
299 1221 374 1261 natus
383 1213 504 1274 erumpit.
537 1213 640 1263 Senias.
690 1213 807 1277 quamvis
825 1214 902 1278 aliqui
917 1216 1010 1263 alvaria
1029 1216 1223 1271 leneremalint.

155 1293 204 1337 778
221 1289 296 1338 Ferae
317 1289 364 1351 est]
412 1287 484 1336 Beue
509 1285 652 1338 fabulosam
691 1289 732 1337 Fit
743 1304 805 1339 vero
815 1289 943 1354 Syoiaeaia
955 1291 997 1339 vel
1009 1306 1043 1339 ea
1054 1289 1158 1340 duabus
1169 1291 1224 1341 bre·

123 1364 306 1415 tamdictnrus
315 1370 432 1413 excusat.
466 1364 533 1413 Nam
546 1355 654 1428 revera,
689 1365 765 1414 ribos
778 1365 1001 1428 voealibm,nnlia
1011 1367 1225 1430 interjectaooo·

74 1495 85 1505 N
121 1440 241 1505 nisique
253 1440 286 1489 de
298 1439 442 1502 gigantibus
453 1440 561 1502 legimus
580 1439 654 1491 labn-
689 1443 855 1504 monsterel
872 1442 953 1491 altera
969 1441 1079 1491 duarum
1097 1444 1222 1494 vocalium

87 1526 91 1537 ’
121 1517 179 1567 losa
189 1517 376 1581 acceperimus,
387 1517 452 1566 ratio
462 1531 512 1565 uon
524 1518 652 1580 procedit.
691 1518 819 1567 existente
839 1516 925 1565 brevi:
943 1531 1003 1566 narn
1015 1531 1050 1566 ex
1060 1516 1163 1568 ditabua
1174 1520 1225 1568 luu-

124 1595 263 1645 Nemeum
282 1594 307 1641 in
320 1594 448 1656 Phlegra,
464 1594 599 1644 'lbeaaalioe
616 1595 654 1643 lo·
691 1594 732 1654 gis
752 1607 801 1641 nou
818 1593 988 1642 condonatur.
1022 1596 1225 1661 Sedenimqala

123 1684 165 1732 eo,
190 1684 317 1733 pugnasse
338 1669 470 1730 dicuutur,
490 1669 654 1732 quemadmo·
691 1667 796 1718 eodicea
807 1682 882 1717 manu
894 1669 997 1731 scripti,
1007 1668 1141 1734 frequenti
1157 1679 1223 1721 tran·

124 1744 185 1795 dnm
197 1753 237 1793 est
247 1746 273 1793 in
290 1745 378 1794 Sicilia
394 1745 554 1794 Enceladus?
569 1747 654 1795 Otbus
690 1743 831 1806 scriptione
854 1758 956 1808 semper
981 1745 1080 1809 aliquid
1108 1746 1224 1797 immuta·

123 1820 151 1870 ia
163 1822 243 1871 Creta
259 1820 400 1870 secondom
415 1821 569 1870 Salustium?
586 1822 653 1887 unde
691 1825 763 1879 runt,
771 1817 853 1882 litque
865 1825 894 1868 ut
905 1820 933 1867 in
943 1820 1070 1869 similibus
1081 1822 1224 1888 plerunque

125 1896 195 1946 oria
210 1897 300 1961 canapi:
315 1897 446 1961 Typhoeus
461 1898 488 1946 in
499 1898 655 1961 Campania?
691 1895 735 1944 rix
751 1893 828 1943 fidem
848 1893 955 1958 faciant,
972 1898 1167 1960 quantumlibet
1182 1913 1224 1948 au·

123 1981 161 2036 nt,
176 1974 306 2024 ‘Inarime
325 1975 398 2025 Jovia
416 1974 530 2037 imperiis
545 1975 656 2038 imposta
692 1969 767 2034 tiqui,
778 1971 988 2034 operaepreeium
997 1972 1224 2038 videtur,imerip·

123 2051 257 2115 Typhoeo:
289 2052 342 2100 Sed
350 2053 434 2100 Varro
444 2052 508 2101 oleis
520 2052 545 2100 in
558 2052 654 2103 diluvio
692 2045 800 2108 nonum,
818 2061 875 2110 qun
895 2045 990 2096 luerint
1010 2049 1038 2096 in
1055 2050 1224 2100 marmoribus

124 2127 223 2191 sliquos
242 2128 275 2177 ad
298 2137 399 2177 montes
421 2127 568 2192 confugisse
595 2143 654 2178 unm
692 2128 797 2186 notabo,
819 2122 971 2172 testimoniis
993 2124 1048 2174 uli:
1074 2127 1128 2176 illm
1150 2128 1225 2191 euim,

124 2205 288 2253 utensilibus:
307 2205 350 2267 qui
368 2204 480 2253 lacessiti
499 2211 589 2266 postea
602 2205 655 2254 bel·
692 2213 744 2267 ⁴1⁰9
771 2199 850 2247 11111101
882 2199 958 2248 modo
986 2201 1092 2265 scripte
1121 2202 1226 2269 fueriut,

124 2280 150 2327 lo
160 2279 194 2326 ab
204 2279 243 2327 bis
255 2279 298 2342 qui
318 2278 350 2327 de
369 2279 426 2327 aliis
438 2279 574 2329 veniebant
586 2295 655 2330 mon·
692 2289 764 2323 mm
784 2275 935 2326 indelebile·
955 2279 1071 2329 retinent
1087 2281 1225 2346 antiquita·

124 2353 203 2415 tibua‚
226 2352 303 2402 facile
328 2370 361 2402 ex
388 2355 451 2403 loeis
479 2356 654 2419 superioribus
692 2355 754 2398 tem·
785 2350 1017 2417 Hubemusiltque
1030 2355 1223 2418 inscriptionem

126 2430 258 2480 vicerunt:
287 2431 355 2479 unde
377 2430 466 2480 lictum
490 2439 540 2492 est,
561 2440 591 2481 ot
619 2434 654 2482 dii
693 2428 784 2475 1111111111
803 2442 852 2476 11011
868 2429 1038 2491 invenustam,
1050 2446 1137 2496 neque
1148 2434 1224 2483 inele·

124 2508 254 2570 asperiores
270 2508 434 2567 dicereotnr3
451 2508 574 2567 inferiores
584 2525 655 2570 vero,
692 2509 796 2564 stlitem
830 2504 918 2552 Rome
945 2505 972 2552 iu
1001 2507 1099 2569 palatiu
1132 2511 1224 2560 montis

125 2584 271 2647 tenigeuae.
305 2586 340 2632 Et
356 2586 459 2648 quiade
472 2585 654 2635 bomilibnsad
692 2577 810 2641 hidulfi,
826 2578 852 2627 in
868 2595 920 2645 (1¹1⁸
939 2580 1079 2632 miseni·
1097 2585 1225 2647 Synisesis

125 2672 224 2707 somma
234 2660 382 2721 reptabant,
393 2660 457 2708 dicti
473 2668 533 2709 sont
544 2676 591 2723 pro
611 2675 655 2724 pe·
692 2653 837 2717 1111711θί111,
863 2656 911 2705 boc
944 2665 1119 2723 pentametro,
1146 2663 1225 2713 ch-

125 2733 201 2783 dibus
210 2734 329 2783 habuisse
339 2743 482 2797 serpentes.
514 2737 589 2786 Idem.
691 2731 874 2783 TVOSVMQ·
908 2733 996 2782 MIHI
1039 2736 1104 2786 ow
1144 2739 1224 2790 selo

157 2810 291 2872 Fmrmest]
326 2813 408 2860 Recte
428 2812 527 2861 inducit
549 2814 654 2863 AEneam
692 2809 783 2859 QVID
803 2810 937 2860 FVERlS.
970 2813 1072 2875 mee,
1089 2829 1139 2877 per
1154 2818 1227 2880 Syoi·

123 2885 155 2935 lla
184 2901 241 2950 qoae
269 2885 387 2937 fabulosa
415 2898 488 2937 eraut
514 2890 655 2950 dicentem,
693 2885 761 2933 attin
784 2899 841 2934 etse
863 2886 980 2936 videtur:
997 2896 1077 2954 utque
1099 2891 1180 2941 etiam
1200 2895 1225 2942 in

122 2959 210 3011 ‘fania
230 2962 286 3020 eat,’
308 2977 340 3011 ne
361 2978 389 3011 se
415 2971 547 3013 auctorem
570 2980 654 3014 rerum
691 2961 776 3009 altero
790 2963 894 3011 beroico
906 2964 1074 3016 hexametro:
1094 2970 1224 3020 UNANI·

123 3037 318 3100 impossibilium
330 3038 418 3088 faciat.
452 3040 569 3089 Donatus.
692 3038 747 3101 Ml,
773 3039 1046 3106 CALPURNIANO,
1070 3045 1225 3095 sociata

157 3114 281 3176 Enceladi]
315 3116 393 3163 Filius
411 3117 550 3165 secundnm
573 3118 654 3180 Hygi·
692 3114 845 3164 Manlio.
871 3117 964 3180 Neque
976 3117 1070 3168 desunt
1080 3119 1224 3184 hujusmodi

123 3200 183 3236 num
195 3188 221 3235 in
232 3188 403 3249 praeliemur
415 3198 442 3238 et
453 3193 563 3241 Tartari.
590 3195 654 3257 EJus
692 3191 810 3252 exemplu
832 3192 957 3254 plurima:
983 3196 1087 3243 tametsi
1108 3199 1224 3248 nonnulli

125 3262 241 3312 meminit
260 3264 351 3314 Claud.
364 3265 396 3313 de
414 3274 481 3328 rapt.
494 3267 510 3315 l.
524 3281 543 3315 ι.
560 3268 655 3319 ‘AEtna
692 3274 814 3331 quantuni
841 3268 867 3316 in
890 3269 1050 3330 Colpsrainao
1079 3280 1129 3335 est,
1159 3289 1224 3338 pene

123 3339 334 3403 giganteosfoae.
368 3343 510 3392 Emmaeas.
691 3345 806 3393 nltimam
835 3344 986 3394 Graecorum
1023 3360 1094 3397 more
1128 3351 1225 3415 corripi

156 3415 300 3480 Semurium]
335 3420 385 3467 Pro
396 3419 539 3469 nemiuem.
560 3422 655 3472 Etsei-
692 3435 767 3483 posse
782 3420 956 3470 contendunt:
973 3431 1052 3487 atque
1071 3427 1110 3474 ita
1130 3427 1225 3476 tertios

124 3493 217 3543 endum
230 3495 266 3543 sie
277 3496 348 3558 poni,
359 3498 430 3559 qnasi
450 3498 604 3548 semianimis
620 3502 655 3551 sit
691 3510 737 3558 pei
746 3498 843 3560 pinio,
853 3497 972 3561 dactylus
983 3497 1029 3548 fit:
1048 3507 1077 3549 ut
1093 3501 1120 3549 in
1134 3503 1226 3552 linire

124 3570 284 3620 Enceladus:
304 3574 372 3620 unde
384 3579 434 3629 est,
449 3575 554 3623 ‘Motat
571 3577 654 3627 latna.'
690 3591 744 3638 oso,
768 3578 906 3639 Claudiano,
927 3586 955 3626 et
976 3579 1101 3628 similibus
1124 3581 1225 3633 sactum

122 3645 202 3694 Simul
230 3649 337 3709 ponitur
370 3647 509 3696 secundnm
542 3648 653 3701 fabulam
692 3652 783 3714 passim
817 3654 884 3715 aprod
911 3654 1019 3703 Graecos
1046 3657 1224 3710 observamus.

124 3736 223 3781 caussa,
234 3724 305 3787 quasi
322 3740 353 3772 en
369 3723 476 3774 fulmine
493 3727 526 3774 sit
545 3727 599 3779 illic
611 3743 654 3780 na·
689 3726 742 3777 Sed
762 3728 829 3776 enisu
851 3737 922 3777 nolus
943 3744 993 3778 nou
1012 3732 1075 3781 lieet
1095 3749 1154 3783 ease
1171 3742 1223 3786 tam

124 3805 178 3849 tum
192 3800 346 3848 incendium.
379 3801 485 3851 Seroiata.
691 3801 808 3855 disertis:
835 3818 914 3868 quare
936 3803 1044 3867 liguram
1069 3810 1156 3870 potius
1181 3811 1224 3859 ad·

155 3875 299 3940 mum]
342 3877 426 3926 Veriti
452 3886 512 3927 sunt
537 3880 653 3944 plerique
690 3879 836 3941 mittamus;
869 3897 927 3944 qua,
952 3890 982 3931 nt
1011 3887 1102 3934 oriaaos
1129 3886 1222 3937 t‘aeium

121 3955 259 4002 martam
280 3954 404 4016 seribere,
424 3955 468 4018 qui
487 3965 583 4005 seirent
603 3958 655 4020 pri-
693 3957 843 4017 Homerum,
869 3958 1020 4022 Hesiodum,
1043 3962 1224 4027 'l‘beoctltnm,

123 4043 189 4077 mam
211 4030 287 4093 bojon
315 4031 423 4080 nominis
446 4033 572 4095 syllabam
595 4049 654 4099 pro-
690 4040 716 4080 et
727 4034 871 4082 nniversam
882 4035 1023 4100 Graeciam,
1033 4039 1156 4102 Virgilius
1167 4043 1222 4106 ipsa

122 4104 200 4153 duel:
217 4116 296 4170 quare
315 4114 442 4157 manum
459 4109 629 4174 trisyllabum,
644 4113 655 4161 i
690 4123 760 4172 aaepe
777 4124 837 4159 nsua
847 4117 901 4161 est:
918 4118 947 4162 ut
966 4127 999 4162 ea
1017 4114 1089 4178 locis,
1100 4118 1196 4180 passim
1207 4133 1226 4170 a

125 4182 209 4235 vocali
231 4184 375 4248 subtracta,
394 4186 570 4251 publicarunt,
601 4188 654 4241 Sed
691 4185 767 4237 uobis
778 4192 834 4238 toto
853 4201 931 4263 opere
945 4189 1042 4256 citatis,
1057 4192 1225 4249 mmuestna
